Historical Rts2 Post Trade Microsecond,Historical Rts2 Instrument Identification Code,Bond Type Bond Type Desc,Instruments New Issuer Name,Instruments New Bond Fixed Rate,Instruments New Bond Maturity Date,Historical Rts2 Notional Amount,Historical Rts2 Notional Currency,Historical Rts2 Price,Historical Rts2 Price Notation,Historical Rts2 Flag List,Historical Rts2 Venue of Execution,Historical Rts2 Venue of Publication,Mifid Entities Commercial Name,Historical Rts2 Transaction Count,Mifid Entities Platform Type,Mifid Entities Trading Venue Types,Instruments New Cfi,Historical Rts2 Transaction Identification Code
2022-07-20 12:51:23.933000,BE0000354630,Corporate bond,The Kingdom of Belgium,0.35,2032-06-22,45429,EUR,86.741,PERC,,BTFE,BTFE,BLOOMBERG,1,D2C,MTF,DBFTFN,c947d39b-d10c-416d-8ddf-c5ee763496ce
2022-07-20 08:16:01.213000,BE0000354630,Corporate bond,The Kingdom of Belgium,0.35,2032-06-22,1747715,EUR,86.811,PERC,,BTFE,BTFE,BLOOMBERG,1,D2C,MTF,DBFTFN,bdfd09c5-ceac-4757-b629-dd7160e4b209
2022-07-20 07:49:37.697000,BE0000354630,Corporate bond,The Kingdom of Belgium,0.35,2032-06-22,2000000,EUR,86.683,PERC,,BTFE,BTFE,BLOOMBERG,1,D2C,MTF,DBFTFN,d7f27b43-c515-43ec-844e-164f97faa459
2022-07-20 07:24:44.187000,BE0000354630,Corporate bond,The Kingdom of Belgium,0.35,2032-06-22,1000000,EUR,86.333,PERC,,BTFE,BTFE,BLOOMBERG,1,D2C,MTF,DBFTFN,1f8d2e07-868b-4209-a55a-4a088f5967c4
2022-07-20 07:21:40.912000,BE0000354630,Corporate bond,The Kingdom of Belgium,0.35,2032-06-22,1000000,EUR,86.305,PERC,,BTFE,BTFE,BLOOMBERG,1,D2C,MTF,DBFTFN,74e9abcc-91ec-4ffb-911e-9c7df62495f6
2022-07-19 09:17:06.625000,BE0000354630,Corporate bond,The Kingdom of Belgium,0.35,2032-06-22,1200000,EUR,86.64,PERC,,BTFE,BTFE,BLOOMBERG,1,D2C,MTF,DBFTFN,3d548af3-38cd-4457-a120-ea4d03a9072a
2022-07-19 09:02:04.411000,BE0000354630,Corporate bond,The Kingdom of Belgium,0.35,2032-06-22,1200000,EUR,86.376,PERC,,BTFE,BTFE,BLOOMBERG,1,D2C,MTF,DBFTFN,3c62a5f7-784b-4d7d-bc34-bc813feaecc2
2022-07-19 07:32:54.919000,BE0000354630,Corporate bond,The Kingdom of Belgium,0.35,2032-06-22,2000000,EUR,86.657,PERC,,BTFE,BTFE,BLOOMBERG,1,D2C,MTF,DBFTFN,1ede4c36-81cd-471c-b15a-e62a9e9b8c6f
2022-07-19 07:22:46.480000,BE0000354630,Corporate bond,The Kingdom of Belgium,0.35,2032-06-22,2000000,EUR,86.848,PERC,,BTFE,BTFE,BLOOMBERG,1,D2C,MTF,DBFTFN,c7baa424-4567-40f0-8765-e4d0b48d2855
2022-07-18 14:43:53.678000,BE0000354630,Corporate bond,The Kingdom of Belgium,0.35,2032-06-22,2000000,EUR,86.541,PERC,,BTFE,BTFE,BLOOMBERG,1,D2C,MTF,DBFTFN,6fc97b26-f0c7-44b9-b893-f3e3f52ddd74
2022-07-18 14:43:41.731000,BE0000354630,Corporate bond,The Kingdom of Belgium,0.35,2032-06-22,2000000,EUR,86.552,PERC,,BTFE,BTFE,BLOOMBERG,1,D2C,MTF,DBFTFN,6155ed80-4595-4f7a-b942-5ea28e054675
2022-07-18 14:18:40.544000,BE0000354630,Corporate bond,The Kingdom of Belgium,0.35,2032-06-22,2500000,EUR,86.465,PERC,,BTFE,BTFE,BLOOMBERG,1,D2C,MTF,DBFTFN,72b7f108-53b0-4a82-b9ab-155a804524a7
2022-07-18 14:18:09.309000,BE0000354630,Corporate bond,The Kingdom of Belgium,0.35,2032-06-22,2500000,EUR,86.482,PERC,,BTFE,BTFE,BLOOMBERG,1,D2C,MTF,DBFTFN,6d23e235-bc01-4159-9b71-c2cd844805e4
2022-07-18 13:08:44.993000,BE0000354630,Corporate bond,The Kingdom of Belgium,0.35,2032-06-22,1000000,EUR,86.509,PERC,,BTFE,BTFE,BLOOMBERG,1,D2C,MTF,DBFTFN,2d27a4cb-4b9e-4232-b818-60c14e1ae142
2022-07-18 12:51:42.407000,BE0000354630,Corporate bond,The Kingdom of Belgium,0.35,2032-06-22,1000000,EUR,86.343,PERC,,BTFE,BTFE,BLOOMBERG,1,D2C,MTF,DBFTFN,5118281e-114f-422e-912d-d48ef16341ae
2022-07-18 11:19:44.235000,BE0000354630,Corporate bond,The Kingdom of Belgium,0.35,2032-06-22,1000000,EUR,86.502,PERC,,BTFE,BTFE,BLOOMBERG,1,D2C,MTF,DBFTFN,000207e8-917f-4d15-bc75-1a32e7ab9f6a
2022-07-15 13:24:59.452000,BE0000354630,Corporate bond,The Kingdom of Belgium,0.35,2032-06-22,500000,EUR,86.842,PERC,,BTFE,BTFE,BLOOMBERG,1,D2C,MTF,DBFTFN,9387f7f6-0598-4173-adf0-e3138841800a
2022-07-15 11:33:24.083000,BE0000354630,Corporate bond,The Kingdom of Belgium,0.35,2032-06-22,500000,EUR,86.979,PERC,,BTFE,BTFE,BLOOMBERG,1,D2C,MTF,DBFTFN,48fc0b14-fa66-4769-b2da-917b93baaa0c
2022-07-15 08:42:22.415000,BE0000354630,Corporate bond,The Kingdom of Belgium,0.35,2032-06-22,445000,EUR,87.423,PERC,,BTFE,BTFE,BLOOMBERG,1,D2C,MTF,DBFTFN,6031713a-0f1d-4838-9665-00c50e096407
2022-07-14 07:46:38.985000,BE0000354630,Corporate bond,The Kingdom of Belgium,0.35,2032-06-22,52470,EUR,86.358,PERC,,BTFE,BTFE,BLOOMBERG,1,D2C,MTF,DBFTFN,6185b4f4-a5e0-4e45-ae1e-5e01a1878420
2022-07-12 06:37:07.612507,BE0000354630,Corporate bond,The Kingdom of Belgium,0.35,2032-06-22,20500000,EUR,85.829659,PERC,IDAF LRGS,BTFE,BTFE,BLOOMBERG,2,D2C,MTF,DBFTFN,
2022-07-08 09:49:59.486000,BE0000354630,Corporate bond,The Kingdom of Belgium,0.35,2032-06-22,500000,EUR,86.036,PERC,,BTFE,BTFE,BLOOMBERG,1,D2C,MTF,DBFTFN,a3662ddd-666c-45fb-bc94-3200497a50a3
2022-07-08 08:57:16.365000,BE0000354630,Corporate bond,The Kingdom of Belgium,0.35,2032-06-22,100000,EUR,85.997,PERC,,BTFE,BTFE,BLOOMBERG,1,D2C,MTF,DBFTFN,6efcac5e-d161-44f9-a94f-723bb65e6367
2022-07-06 13:05:56.488000,BE0000354630,Corporate bond,The Kingdom of Belgium,0.35,2032-06-22,2500000,EUR,86.971,PERC,,BTFE,BTFE,BLOOMBERG,1,D2C,MTF,DBFTFN,e89ac072-64dc-4337-8e1a-9a643e051e41
2022-07-06 11:36:29.658000,BE0000354630,Corporate bond,The Kingdom of Belgium,0.35,2032-06-22,2500000,EUR,86.39,PERC,,BTFE,BTFE,BLOOMBERG,1,D2C,MTF,DBFTFN,b2ea15a8-af4f-402f-8fc3-413d76ce6969
2022-07-06 07:52:31.221000,BE0000354630,Corporate bond,The Kingdom of Belgium,0.35,2032-06-22,2000000,EUR,86.006,PERC,,BTFE,BTFE,BLOOMBERG,1,D2C,MTF,DBFTFN,2835b536-26e9-43c0-a1d1-8fae304afc75
2022-07-05 06:49:08.412937,BE0000354630,Corporate bond,The Kingdom of Belgium,0.35,2032-06-22,37050000,EUR,84.400807,PERC,IDAF LRGS,BTFE,BTFE,BLOOMBERG,4,D2C,MTF,DBFTFN,
2022-07-04 14:16:19.054000,BE0000354630,Corporate bond,The Kingdom of Belgium,0.35,2032-06-22,2500000,EUR,85.164,PERC,,BTFE,BTFE,BLOOMBERG,1,D2C,MTF,DBFTFN,62ffff28-7da3-4893-aaa0-dddfe37d8e66
2022-07-04 13:57:18.440000,BE0000354630,Corporate bond,The Kingdom of Belgium,0.35,2032-06-22,2500000,EUR,85.095,PERC,,BTFE,BTFE,BLOOMBERG,1,D2C,MTF,DBFTFN,6aac1344-f9e9-4098-a893-c4f3b945479f
2022-07-04 10:35:44.383000,BE0000354630,Corporate bond,The Kingdom of Belgium,0.35,2032-06-22,3000,EUR,85.346,PERC,,BTFE,BTFE,BLOOMBERG,1,D2C,MTF,DBFTFN,b964dd69-fe28-4e0f-aa75-92e13521d60f
2022-07-01 12:20:43.207000,BE0000354630,Corporate bond,The Kingdom of Belgium,0.35,2032-06-22,500000,EUR,85.597,PERC,,BTFE,BTFE,BLOOMBERG,1,D2C,MTF,DBFTFN,a434583b-c636-46b6-9900-2c303c852423
2022-06-30 15:15:46.543000,BE0000354630,Corporate bond,The Kingdom of Belgium,0.35,2032-06-22,2000000,EUR,84.815,PERC,,BTFE,BTFE,BLOOMBERG,1,D2C,MTF,DBFTFN,5df0b684-d32b-4eb3-9f0d-4713ad4b2c92
2022-06-30 15:15:42.615000,BE0000354630,Corporate bond,The Kingdom of Belgium,0.35,2032-06-22,1300000,EUR,84.881,PERC,,BTFE,BTFE,BLOOMBERG,1,D2C,MTF,DBFTFN,ce82bc8f-d2fb-4fad-910a-49715d7caf6f
2022-06-30 15:15:35.669000,BE0000354630,Corporate bond,The Kingdom of Belgium,0.35,2032-06-22,500000,EUR,84.828,PERC,,BTFE,BTFE,BLOOMBERG,1,D2C,MTF,DBFTFN,37826543-7070-43f3-b9f5-ca1dbf545588
2022-06-30 14:01:40.046000,BE0000354630,Corporate bond,The Kingdom of Belgium,0.35,2032-06-22,280000,EUR,84.833,PERC,,BTFE,BTFE,BLOOMBERG,1,D2C,MTF,DBFTFN,ef33bee6-989b-420e-965b-ab75260956b8
2022-06-29 10:50:39.821000,BE0000354630,Corporate bond,The Kingdom of Belgium,0.35,2032-06-22,2500000,EUR,83.221,PERC,,BTFE,BTFE,BLOOMBERG,1,D2C,MTF,DBFTFN,0eef7dae-b760-48e2-90de-4659cb8cd264
2022-06-29 09:38:03.251000,BE0000354630,Corporate bond,The Kingdom of Belgium,0.35,2032-06-22,2500000,EUR,83.14,PERC,,BTFE,BTFE,BLOOMBERG,1,D2C,MTF,DBFTFN,fce56ce3-3a26-42a3-805d-7da71d050b4f
2022-06-28 15:17:40.062000,BE0000354630,Corporate bond,The Kingdom of Belgium,0.35,2032-06-22,2500000,EUR,82.976,PERC,,BTFE,BTFE,BLOOMBERG,1,D2C,MTF,DBFTFN,51a97fd8-dfd3-46e5-baa9-aa5680059839
2022-06-28 12:11:55.425000,BE0000354630,Corporate bond,The Kingdom of Belgium,0.35,2032-06-22,120000,EUR,83.235,PERC,,BTFE,BTFE,BLOOMBERG,1,D2C,MTF,DBFTFN,8fc233e0-90c8-41ab-979e-cb2044721667
2022-06-28 07:47:08.677000,BE0000354630,Corporate bond,The Kingdom of Belgium,0.35,2032-06-22,2500000,EUR,83.324,PERC,,BTFE,BTFE,BLOOMBERG,1,D2C,MTF,DBFTFN,e23d4d16-b355-42f5-a125-269fabf0f85a
2022-06-28 06:53:06.302186,BE0000354630,Corporate bond,The Kingdom of Belgium,0.35,2032-06-22,25410000,EUR,82.767838,PERC,IDAF LRGS,BTFE,BTFE,BLOOMBERG,5,D2C,MTF,DBFTFN,
2022-06-27 15:41:42.938000,BE0000354630,Corporate bond,The Kingdom of Belgium,0.35,2032-06-22,400000,EUR,83.838,PERC,,BTFE,BTFE,BLOOMBERG,1,D2C,MTF,DBFTFN,ad4745cc-a594-4724-865d-14ffdf6af68f
2022-06-27 13:51:00.197000,BE0000354630,Corporate bond,The Kingdom of Belgium,0.35,2032-06-22,2500000,EUR,84.149,PERC,,BTFE,BTFE,BLOOMBERG,1,D2C,MTF,DBFTFN,2b8f9f7c-0b33-48df-bd3e-64fb5bfb2dbe
2022-06-27 13:04:32.289000,BE0000354630,Corporate bond,The Kingdom of Belgium,0.35,2032-06-22,6000,EUR,83.748,PERC,,BTFE,BTFE,BLOOMBERG,1,D2C,MTF,DBFTFN,9dd46a32-a40b-4782-a948-09e2bfdc36ee
2022-06-27 12:45:16.867000,BE0000354630,Corporate bond,The Kingdom of Belgium,0.35,2032-06-22,95000,EUR,83.766,PERC,,BTFE,BTFE,BLOOMBERG,1,D2C,MTF,DBFTFN,d63c7e7b-695a-41e2-8d63-979353336600
2022-06-27 09:42:00.894000,BE0000354630,Corporate bond,The Kingdom of Belgium,0.35,2032-06-22,2500000,EUR,84.019,PERC,,BTFE,BTFE,BLOOMBERG,1,D2C,MTF,DBFTFN,e2de521a-3317-4198-8102-7fc8e2901112
2022-06-27 08:47:20.293000,BE0000354630,Corporate bond,The Kingdom of Belgium,0.35,2032-06-22,60000,EUR,84.379,PERC,,BTFE,BTFE,BLOOMBERG,1,D2C,MTF,DBFTFN,7bdd5079-1e05-4188-a09c-fb1ec28c39dd
2022-06-24 11:32:38.321000,BE0000354630,Corporate bond,The Kingdom of Belgium,0.35,2032-06-22,225000,EUR,84.318,PERC,,BTFE,BTFE,BLOOMBERG,1,D2C,MTF,DBFTFN,42a1d501-0a1a-4f26-8a4d-2a8a76546b62
2022-06-23 07:42:19.059000,BE0000354630,Corporate bond,The Kingdom of Belgium,0.35,2032-06-22,400000,EUR,84.281,PERC,,BTFE,BTFE,BLOOMBERG,1,D2C,MTF,DBFTFN,001ce704-d23b-4713-8995-140f6f1b4cb5
2022-06-22 14:02:38.426000,BE0000354630,Corporate bond,The Kingdom of Belgium,0.35,2032-06-22,55000,EUR,83.378,PERC,,BTFE,BTFE,BLOOMBERG,1,D2C,MTF,DBFTFN,5022d23f-85ae-4d6a-8920-59e87b957b4a
2022-06-22 10:48:48.941000,BE0000354630,Corporate bond,The Kingdom of Belgium,0.35,2032-06-22,200000,EUR,82.675,PERC,,BTFE,BTFE,BLOOMBERG,1,D2C,MTF,DBFTFN,e4abdf46-cb0c-451b-ab9e-712d92e922df
2022-06-22 08:42:30.410000,BE0000354630,Corporate bond,The Kingdom of Belgium,0.35,2032-06-22,800000,EUR,82.542,PERC,,BTFE,BTFE,BLOOMBERG,1,D2C,MTF,DBFTFN,94b7ebee-d145-4c0e-848c-f07209322fdd
2022-06-21 15:58:36.358000,BE0000354630,Corporate bond,The Kingdom of Belgium,0.35,2032-06-22,72000,EUR,81.934,PERC,,BTFE,BTFE,BLOOMBERG,1,D2C,MTF,DBFTFN,5cabde17-f634-4acd-a1c0-6a0565e1a0ca
2022-06-21 06:51:33.619649,BE0000354630,Corporate bond,The Kingdom of Belgium,0.35,2032-06-22,96670000,EUR,82.295602,PERC,IDAF SIZE,BTFE,BTFE,BLOOMBERG,7,D2C,MTF,DBFTFN,
2022-06-20 08:19:29.529000,BE0000354630,Corporate bond,The Kingdom of Belgium,0.35,2032-06-22,2500000,EUR,82.603,PERC,,BTFE,BTFE,BLOOMBERG,1,D2C,MTF,DBFTFN,ed2ac79a-5bce-49aa-ad60-4afff4037ae3
2022-06-20 07:30:02.821000,BE0000354630,Corporate bond,The Kingdom of Belgium,0.35,2032-06-22,2500000,EUR,82.492,PERC,,BTFE,BTFE,BLOOMBERG,1,D2C,MTF,DBFTFN,ac0bcdf5-2b6d-409d-8769-ad3074377d2e
2022-06-17 07:41:25.914000,BE0000354630,Corporate bond,The Kingdom of Belgium,0.35,2032-06-22,2500000,EUR,82.364,PERC,,BTFE,BTFE,BLOOMBERG,1,D2C,MTF,DBFTFN,51aee849-4bff-4bdd-a42d-39c627fbbf5b
2022-06-17 07:19:17.330000,BE0000354630,Corporate bond,The Kingdom of Belgium,0.35,2032-06-22,2500000,EUR,82.139,PERC,,BTFE,BTFE,BLOOMBERG,1,D2C,MTF,DBFTFN,616b61c1-48ae-4cba-b603-7f61ec8034f9
2022-06-17 07:12:07.402000,BE0000354630,Corporate bond,The Kingdom of Belgium,0.35,2032-06-22,2500000,EUR,82.005,PERC,,BTFE,BTFE,BLOOMBERG,1,D2C,MTF,DBFTFN,f672a283-3fc8-40a1-a9da-f300e28d69df
2022-06-16 15:05:15.940000,BE0000354630,Corporate bond,The Kingdom of Belgium,0.35,2032-06-22,2500000,EUR,82.251,PERC,,BTFE,BTFE,BLOOMBERG,1,D2C,MTF,DBFTFN,7402d999-613b-499b-8f71-3d5708c11adc
2022-06-16 07:37:18.152000,BE0000354630,Corporate bond,The Kingdom of Belgium,0.35,2032-06-22,2500000,EUR,82.181,PERC,,BTFE,BTFE,BLOOMBERG,1,D2C,MTF,DBFTFN,27d59634-58b3-436e-b5d3-f10a12c34fc6
2022-06-15 15:42:37.720000,BE0000354630,Corporate bond,The Kingdom of Belgium,0.35,2032-06-22,2500000,EUR,82.736,PERC,,BTFE,BTFE,BLOOMBERG,1,D2C,MTF,DBFTFN,74f3002a-4091-4f33-8ae7-d6b074768f41
2022-06-15 12:42:23.140000,BE0000354630,Corporate bond,The Kingdom of Belgium,0.35,2032-06-22,2500000,EUR,82.661,PERC,,BTFE,BTFE,BLOOMBERG,1,D2C,MTF,DBFTFN,fadff13d-4c5d-46ce-875d-bea467ff70c6
2022-06-15 12:15:19.436000,BE0000354630,Corporate bond,The Kingdom of Belgium,0.35,2032-06-22,2500000,EUR,82.467,PERC,,BTFE,BTFE,BLOOMBERG,1,D2C,MTF,DBFTFN,1fdb9186-3ba1-48ed-a4e1-b2be0d69cfd2
2022-06-15 12:04:57.832000,BE0000354630,Corporate bond,The Kingdom of Belgium,0.35,2032-06-22,2500000,EUR,82.637,PERC,,BTFE,BTFE,BLOOMBERG,1,D2C,MTF,DBFTFN,cd7a9f91-456c-412e-9ad9-ff048aa3e123
2022-06-15 08:14:33.091000,BE0000354630,Corporate bond,The Kingdom of Belgium,0.35,2032-06-22,2500000,EUR,81.875,PERC,,BTFE,BTFE,BLOOMBERG,1,D2C,MTF,DBFTFN,4326c2b7-a4ee-4e5e-821d-39dc45e07eba
2022-06-15 07:53:55.219000,BE0000354630,Corporate bond,The Kingdom of Belgium,0.35,2032-06-22,2500000,EUR,81.749,PERC,,BTFE,BTFE,BLOOMBERG,1,D2C,MTF,DBFTFN,86799c3a-8912-43f1-9870-d4f7a504f88f
2022-06-15 07:35:44.430000,BE0000354630,Corporate bond,The Kingdom of Belgium,0.35,2032-06-22,70000,EUR,82.096,PERC,,BTFE,BTFE,BLOOMBERG,1,D2C,MTF,DBFTFN,ed44f5fd-eafe-4905-873d-881da095c753
2022-06-14 14:03:49.631000,BE0000354630,Corporate bond,The Kingdom of Belgium,0.35,2032-06-22,73000,EUR,82.183,PERC,,BTFE,BTFE,BLOOMBERG,1,D2C,MTF,DBFTFN,41ea494f-9b04-4573-bdfc-75fb9ed909c7
2022-06-14 12:31:09.834000,BE0000354630,Corporate bond,The Kingdom of Belgium,0.35,2032-06-22,2500000,EUR,82.219,PERC,,BTFE,BTFE,BLOOMBERG,1,D2C,MTF,DBFTFN,7b747ca3-f1e6-458f-ab76-5e299ce64c70
2022-06-14 12:21:53.936000,BE0000354630,Corporate bond,The Kingdom of Belgium,0.35,2032-06-22,2500000,EUR,82.104,PERC,,BTFE,BTFE,BLOOMBERG,1,D2C,MTF,DBFTFN,5c27fac6-340c-4b41-ae32-a1a8858a2d8b
2022-06-14 06:48:15.003367,BE0000354630,Corporate bond,The Kingdom of Belgium,0.35,2032-06-22,46760000,EUR,84.625693,PERC,IDAF SIZE,BTFE,BTFE,BLOOMBERG,7,D2C,MTF,DBFTFN,
2022-06-13 16:01:00.170000,BE0000354630,Corporate bond,The Kingdom of Belgium,0.35,2032-06-22,4000,EUR,82.503,PERC,,BTFE,BTFE,BLOOMBERG,1,D2C,MTF,DBFTFN,8e0c0f51-dbe8-42a8-a29c-2796d81cf961
2022-06-13 14:29:34.940000,BE0000354630,Corporate bond,The Kingdom of Belgium,0.35,2032-06-22,2500000,EUR,82.6,PERC,,BTFE,BTFE,BLOOMBERG,1,D2C,MTF,DBFTFN,2f274195-5be8-4d59-ab2a-7d41e3c26c4e
2022-06-13 14:06:44.589000,BE0000354630,Corporate bond,The Kingdom of Belgium,0.35,2032-06-22,2500000,EUR,82.953,PERC,,BTFE,BTFE,BLOOMBERG,1,D2C,MTF,DBFTFN,c1c02870-3478-4d06-9ed4-a0c98f0fbda2
2022-06-13 13:31:53.013000,BE0000354630,Corporate bond,The Kingdom of Belgium,0.35,2032-06-22,2500000,EUR,82.773,PERC,,BTFE,BTFE,BLOOMBERG,1,D2C,MTF,DBFTFN,81db717f-7351-4438-8cf5-cebcfdf49608
2022-06-13 12:30:18.612000,BE0000354630,Corporate bond,The Kingdom of Belgium,0.35,2032-06-22,2500000,EUR,82.966,PERC,,BTFE,BTFE,BLOOMBERG,1,D2C,MTF,DBFTFN,84da7f65-861c-4bf7-b178-46f1e4ccfed5
2022-06-10 13:08:46.778000,BE0000354630,Corporate bond,The Kingdom of Belgium,0.35,2032-06-22,2500000,EUR,84.636,PERC,,BTFE,BTFE,BLOOMBERG,1,D2C,MTF,DBFTFN,f3594b53-7a67-4032-ba7e-db1accfca164
2022-06-10 12:44:36.771000,BE0000354630,Corporate bond,The Kingdom of Belgium,0.35,2032-06-22,2500000,EUR,84.866,PERC,,BTFE,BTFE,BLOOMBERG,1,D2C,MTF,DBFTFN,bdfcee66-d370-4bf9-b56f-6560a3af1b48
2022-06-10 08:51:50.224000,BE0000354630,Corporate bond,The Kingdom of Belgium,0.35,2032-06-22,2500000,EUR,84.797,PERC,,BTFE,BTFE,BLOOMBERG,1,D2C,MTF,DBFTFN,b8a18eeb-d28d-42cf-863e-5aaeabe7f699
2022-06-09 15:24:48.911000,BE0000354630,Corporate bond,The Kingdom of Belgium,0.35,2032-06-22,23000,EUR,84.719,PERC,,BTFE,BTFE,BLOOMBERG,1,D2C,MTF,DBFTFN,9e6f6dc7-d0d7-4446-83ff-034898ef9444
2022-06-09 14:06:37.101000,BE0000354630,Corporate bond,The Kingdom of Belgium,0.35,2032-06-22,300000,EUR,84.707,PERC,,BTFE,BTFE,BLOOMBERG,1,D2C,MTF,DBFTFN,5a24f9c6-4571-4a94-a31e-c6cf787aa15d
2022-06-09 13:30:48.095000,BE0000354630,Corporate bond,The Kingdom of Belgium,0.35,2032-06-22,2500000,EUR,84.8455,PERC,,BTFE,BTFE,BLOOMBERG,1,D2C,MTF,DBFTFN,3ac69414-d4cf-4a0d-a77a-f85ee72bb37e
2022-06-08 10:32:17.455000,BE0000354630,Corporate bond,The Kingdom of Belgium,0.35,2032-06-22,1000000,EUR,85.636,PERC,,BTFE,BTFE,BLOOMBERG,1,D2C,MTF,DBFTFN,3e4627ef-531f-4b7b-8576-02a40c2239e4
2022-06-08 08:37:58.135000,BE0000354630,Corporate bond,The Kingdom of Belgium,0.35,2032-06-22,1100000,EUR,85.764,PERC,,BTFE,BTFE,BLOOMBERG,1,D2C,MTF,DBFTFN,60071893-7a09-44fb-bdb6-5a3e6b976a13
2022-06-08 07:46:35.720000,BE0000354630,Corporate bond,The Kingdom of Belgium,0.35,2032-06-22,2500000,EUR,85.858,PERC,,BTFE,BTFE,BLOOMBERG,1,D2C,MTF,DBFTFN,aae1d430-0c5d-46e3-b4e1-5e94d849a20c
2022-06-07 15:09:22.186000,BE0000354630,Corporate bond,The Kingdom of Belgium,0.35,2032-06-22,700000,EUR,86.165,PERC,,BTFE,BTFE,BLOOMBERG,1,D2C,MTF,DBFTFN,15700928-7f0e-43c8-9710-4c9694fa1b00
2022-06-07 13:35:32.609000,BE0000354630,Corporate bond,The Kingdom of Belgium,0.35,2032-06-22,2500000,EUR,85.929,PERC,,BTFE,BTFE,BLOOMBERG,1,D2C,MTF,DBFTFN,f1510618-f10b-4662-b50e-a56816bf678c
2022-06-07 12:46:29.026000,BE0000354630,Corporate bond,The Kingdom of Belgium,0.35,2032-06-22,2200000,EUR,85.856,PERC,,BTFE,BTFE,BLOOMBERG,1,D2C,MTF,DBFTFN,49f62bc1-84d2-4bbb-bff6-27c43955a94f
2022-06-07 11:06:29.300000,BE0000354630,Corporate bond,The Kingdom of Belgium,0.35,2032-06-22,2500000,EUR,85.872,PERC,,BTFE,BTFE,BLOOMBERG,1,D2C,MTF,DBFTFN,8090995d-5115-46e1-bb2b-1b7af8bfeeaa
2022-06-07 09:26:01.255000,BE0000354630,Corporate bond,The Kingdom of Belgium,0.35,2032-06-22,2500000,EUR,86.056,PERC,,BTFE,BTFE,BLOOMBERG,1,D2C,MTF,DBFTFN,1a866c41-786f-4c75-918c-e1473df097a5
2022-06-07 07:55:31.394000,BE0000354630,Corporate bond,The Kingdom of Belgium,0.35,2032-06-22,9000,EUR,85.727,PERC,,BTFE,BTFE,BLOOMBERG,1,D2C,MTF,DBFTFN,f1722cd3-d158-40c4-8ec9-e0c9117318ac
2022-06-07 06:46:51.617652,BE0000354630,Corporate bond,The Kingdom of Belgium,0.35,2032-06-22,20000000,EUR,87.58075,PERC,IDAF SIZE,BTFE,BTFE,BLOOMBERG,3,D2C,MTF,DBFTFN,
2022-06-06 14:03:15.883000,BE0000354630,Corporate bond,The Kingdom of Belgium,0.35,2032-06-22,2500000,EUR,86,PERC,,BTFE,BTFE,BLOOMBERG,1,D2C,MTF,DBFTFN,de833a4c-57ca-4953-aa43-41caf483908a
2022-06-06 13:37:06.997000,BE0000354630,Corporate bond,The Kingdom of Belgium,0.35,2032-06-22,2500000,EUR,86.16,PERC,,BTFE,BTFE,BLOOMBERG,1,D2C,MTF,DBFTFN,b35ee72f-fa6f-4df5-b20a-f1cf402ab182
2022-06-06 12:40:39.294000,BE0000354630,Corporate bond,The Kingdom of Belgium,0.35,2032-06-22,2500000,EUR,86.089,PERC,,BTFE,BTFE,BLOOMBERG,1,D2C,MTF,DBFTFN,31efedce-767f-41c5-aeb2-8312aa531654
2022-06-06 10:59:56.764000,BE0000354630,Corporate bond,The Kingdom of Belgium,0.35,2032-06-22,2500000,EUR,86.228,PERC,,BTFE,BTFE,BLOOMBERG,1,D2C,MTF,DBFTFN,31699e17-dfc2-4664-9f4a-2d2bf8aa3aa7
2022-06-06 07:56:54.470000,BE0000354630,Corporate bond,The Kingdom of Belgium,0.35,2032-06-22,2500000,EUR,86.146,PERC,,BTFE,BTFE,BLOOMBERG,1,D2C,MTF,DBFTFN,2766ad8a-1aa7-4644-8615-32c6bf524a6a
2022-06-03 13:37:26.998000,BE0000354630,Corporate bond,The Kingdom of Belgium,0.35,2032-06-22,2500000,EUR,86.159,PERC,,BTFE,BTFE,BLOOMBERG,1,D2C,MTF,DBFTFN,c4da42be-4314-4070-b0ca-c0c40741edca
2022-06-03 08:12:11.749000,BE0000354630,Corporate bond,The Kingdom of Belgium,0.35,2032-06-22,2500000,EUR,86.366,PERC,,BTFE,BTFE,BLOOMBERG,1,D2C,MTF,DBFTFN,bf437fd2-526f-4113-8bd0-a8520daddfc7
2022-06-03 07:55:05.851000,BE0000354630,Corporate bond,The Kingdom of Belgium,0.35,2032-06-22,6000,EUR,86.465,PERC,,BTFE,BTFE,BLOOMBERG,1,D2C,MTF,DBFTFN,69ebafb5-29f4-434b-8dd7-cf601d0b9e48
2022-06-03 07:36:13.243000,BE0000354630,Corporate bond,The Kingdom of Belgium,0.35,2032-06-22,2500000,EUR,86.491,PERC,,BTFE,BTFE,BLOOMBERG,1,D2C,MTF,DBFTFN,44226117-090f-4591-9fb2-119345264d51
2022-06-02 15:22:49.000000,BE0000354630,Corporate bond,The Kingdom of Belgium,0.35,2032-06-22,400000,EUR,86.564,PERC,,BTFE,BTFE,BLOOMBERG,1,D2C,MTF,DBFTFN,b813d1d6-f2dc-48c3-aef9-138850f35064
2022-06-02 14:01:12.352000,BE0000354630,Corporate bond,The Kingdom of Belgium,0.35,2032-06-22,2500000,EUR,86.586,PERC,,BTFE,BTFE,BLOOMBERG,1,D2C,MTF,DBFTFN,f7b36894-b6b7-46fc-93ba-a5ea3e850d57
2022-06-02 07:27:09.935000,BE0000354630,Corporate bond,The Kingdom of Belgium,0.35,2032-06-22,2500000,EUR,86.846,PERC,,BTFE,BTFE,BLOOMBERG,1,D2C,MTF,DBFTFN,025f3538-ff79-443b-b666-7f568d651232
2022-06-02 06:52:44.537000,BE0000354630,Corporate bond,The Kingdom of Belgium,0.35,2032-06-22,11000,EUR,86.961,PERC,,BTFE,BTFE,BLOOMBERG,1,D2C,MTF,DBFTFN,56fb8136-cb44-4390-9200-abe59cdcc7d8
2022-06-01 15:09:38.876000,BE0000354630,Corporate bond,The Kingdom of Belgium,0.35,2032-06-22,95397,EUR,87.09,PERC,,BTFE,BTFE,BLOOMBERG,1,D2C,MTF,DBFTFN,8f899ec2-0284-4b1a-b4fb-9e30ee0aa4f8
2022-06-01 14:12:26.632000,BE0000354630,Corporate bond,The Kingdom of Belgium,0.35,2032-06-22,2500000,EUR,87.202,PERC,,BTFE,BTFE,BLOOMBERG,1,D2C,MTF,DBFTFN,625db6c8-8dbe-4d3f-b8a1-0f0c6b2bae31
2022-06-01 09:49:20.420000,BE0000354630,Corporate bond,The Kingdom of Belgium,0.35,2032-06-22,2500000,EUR,87.487,PERC,,BTFE,BTFE,BLOOMBERG,1,D2C,MTF,DBFTFN,a6cd6d9a-a37e-4761-be42-c988ef36fd0d
2022-05-31 14:20:41.790000,BE0000354630,Corporate bond,The Kingdom of Belgium,0.35,2032-06-22,4000,EUR,87.384,PERC,,BTFE,BTFE,BLOOMBERG,1,D2C,MTF,DBFTFN,8e930703-0046-4567-be8d-92ab9d901a01
2022-05-31 06:45:14.217308,BE0000354630,Corporate bond,The Kingdom of Belgium,0.35,2032-06-22,227770000,EUR,88.929727,PERC,IDAF LRGS,BTFE,BTFE,BLOOMBERG,24,D2C,MTF,DBFTFN,
2022-05-30 14:36:11.163000,BE0000354630,Corporate bond,The Kingdom of Belgium,0.35,2032-06-22,30000,EUR,88.022,PERC,,BTFE,BTFE,BLOOMBERG,1,D2C,MTF,DBFTFN,2952220b-b541-49ca-b2ab-73965a27b59c
2022-05-30 10:43:24.415000,BE0000354630,Corporate bond,The Kingdom of Belgium,0.35,2032-06-22,600000,EUR,88.114,PERC,,BTFE,BTFE,BLOOMBERG,1,D2C,MTF,DBFTFN,81cdc2c1-242e-4b6d-a2a5-77fb297e65a0
2022-05-30 10:28:04.204000,BE0000354630,Corporate bond,The Kingdom of Belgium,0.35,2032-06-22,30000,EUR,88.165,PERC,,BTFE,BTFE,BLOOMBERG,1,D2C,MTF,DBFTFN,036f6404-16a6-4c43-8c10-f904d3084622
2022-05-27 12:53:13.829000,BE0000354630,Corporate bond,The Kingdom of Belgium,0.35,2032-06-22,23000,EUR,89.002,PERC,,BTFE,BTFE,BLOOMBERG,1,D2C,MTF,DBFTFN,c76523ae-297d-4bcd-a77c-09d0f01467bf
2022-05-26 09:52:38.426000,BE0000354630,Corporate bond,The Kingdom of Belgium,0.35,2032-06-22,600000,EUR,89.04,PERC,,BTFE,BTFE,BLOOMBERG,1,D2C,MTF,DBFTFN,21316d91-da92-42f2-9d31-4e83b59d3f73
2022-05-26 09:36:08.889000,BE0000354630,Corporate bond,The Kingdom of Belgium,0.35,2032-06-22,180000,EUR,89.131,PERC,,BTFE,BTFE,BLOOMBERG,1,D2C,MTF,DBFTFN,9a541a26-3b3b-43d9-97e7-c2a0a3bb62f7
2022-05-26 08:20:52.653000,BE0000354630,Corporate bond,The Kingdom of Belgium,0.35,2032-06-22,990000,EUR,89.455,PERC,,BTFE,BTFE,BLOOMBERG,1,D2C,MTF,DBFTFN,2913ab63-a20c-4acc-98ff-02bc95336bc9
2022-05-24 08:43:19.478000,BE0000354630,Corporate bond,The Kingdom of Belgium,0.35,2032-06-22,29000,EUR,88.61,PERC,,BTFE,BTFE,BLOOMBERG,1,D2C,MTF,DBFTFN,c4475728-6d25-40a1-80f1-20075a50aa1f
2022-05-24 06:48:16.386846,BE0000354630,Corporate bond,The Kingdom of Belgium,0.35,2032-06-22,63469000,EUR,88.581933,PERC,IDAF SIZE,BTFE,BTFE,BLOOMBERG,17,D2C,MTF,DBFTFN,
2022-05-23 11:08:44.931000,BE0000354630,Corporate bond,The Kingdom of Belgium,0.35,2032-06-22,80000,EUR,88.558,PERC,,BTFE,BTFE,BLOOMBERG,1,D2C,MTF,DBFTFN,7b536223-fa5f-4bfe-b2dc-d7ea203409d2
2022-05-20 08:47:40.318000,BE0000354630,Corporate bond,The Kingdom of Belgium,0.35,2032-06-22,124000,EUR,88.788,PERC,,BTFE,BTFE,BLOOMBERG,1,D2C,MTF,DBFTFN,bf389224-8fe5-412f-842b-5d017a8c886d
2022-05-19 13:44:48.510000,BE0000354630,Corporate bond,The Kingdom of Belgium,0.35,2032-06-22,10000,EUR,89.176,PERC,,BTFE,BTFE,BLOOMBERG,1,D2C,MTF,DBFTFN,376dcaf3-b166-4b09-bc9f-211ea34e2ce9
2022-05-18 14:36:40.922000,BE0000354630,Corporate bond,The Kingdom of Belgium,0.35,2032-06-22,60000,EUR,88.442,PERC,,BTFE,BTFE,BLOOMBERG,1,D2C,MTF,DBFTFN,2d4e5804-3b33-4c88-a415-0f7d86b8fc51
2022-05-18 14:24:51.220000,BE0000354630,Corporate bond,The Kingdom of Belgium,0.35,2032-06-22,60000,EUR,88.343,PERC,,BTFE,BTFE,BLOOMBERG,1,D2C,MTF,DBFTFN,fcd587f8-4b70-49d8-9e70-6f204a264dea
2022-05-18 13:33:18.166000,BE0000354630,Corporate bond,The Kingdom of Belgium,0.35,2032-06-22,139000,EUR,88.084,PERC,,BTFE,BTFE,BLOOMBERG,1,D2C,MTF,DBFTFN,6b337476-5a76-4e33-8e12-b1921a2bf6ec
2022-05-18 11:26:14.216000,BE0000354630,Corporate bond,The Kingdom of Belgium,0.35,2032-06-22,228000,EUR,88.063,PERC,,BTFE,BTFE,BLOOMBERG,1,D2C,MTF,DBFTFN,c13c4fb2-9615-4bd0-9d43-9a113380d0ce
2022-05-18 07:59:08.030000,BE0000354630,Corporate bond,The Kingdom of Belgium,0.35,2032-06-22,648000,EUR,88.277,PERC,,BTFE,BTFE,BLOOMBERG,1,D2C,MTF,DBFTFN,bada1856-a87f-40d5-9f49-03b7f7630c91
2022-05-17 14:07:22.672000,BE0000354630,Corporate bond,The Kingdom of Belgium,0.35,2032-06-22,22000,EUR,88.144,PERC,,BTFE,BTFE,BLOOMBERG,1,D2C,MTF,DBFTFN,5bd30f5f-ffa2-4688-88bc-05150621d582
2022-05-17 13:41:47.090000,BE0000354630,Corporate bond,The Kingdom of Belgium,0.35,2032-06-22,150000,EUR,88.257,PERC,,BTFE,BTFE,BLOOMBERG,1,D2C,MTF,DBFTFN,44d0ad58-6b5f-4e49-85f9-793685ac3ed7
2022-05-17 13:37:40.623000,BE0000354630,Corporate bond,The Kingdom of Belgium,0.35,2032-06-22,32000,EUR,88.45,PERC,,BTFE,BTFE,BLOOMBERG,1,D2C,MTF,DBFTFN,5ed7a5e0-1326-43cf-9ca3-3bd136d990eb
2022-05-17 06:50:28.071837,BE0000354630,Corporate bond,The Kingdom of Belgium,0.35,2032-06-22,73597000,EUR,88.369061,PERC,IDAF LRGS,BTFE,BTFE,BLOOMBERG,10,D2C,MTF,DBFTFN,
2022-05-13 09:19:59.356000,BE0000354630,Corporate bond,The Kingdom of Belgium,0.35,2032-06-22,1001000,EUR,89.633,PERC,,BTFE,BTFE,BLOOMBERG,1,D2C,MTF,DBFTFN,e71c7438-98c9-4ce6-a41f-ce3151eec576
2022-05-12 11:46:54.171000,BE0000354630,Corporate bond,The Kingdom of Belgium,0.35,2032-06-22,25000,EUR,89.901,PERC,,BTFE,BTFE,BLOOMBERG,1,D2C,MTF,DBFTFN,9f4c9138-d7a9-4d7d-8cbe-f5007df664ea
2022-05-10 06:48:55.357482,BE0000354630,Corporate bond,The Kingdom of Belgium,0.35,2032-06-22,26500000,EUR,88.73883,PERC,IDAF LRGS,BTFE,BTFE,BLOOMBERG,4,D2C,MTF,DBFTFN,
2022-05-09 07:39:50.077000,BE0000354630,Corporate bond,The Kingdom of Belgium,0.35,2032-06-22,11000,EUR,87.264,PERC,,BTFE,BTFE,BLOOMBERG,1,D2C,MTF,DBFTFN,ef4d8020-e197-4529-95cc-f6ecd82cd0e0
2022-05-06 09:52:25.016000,BE0000354630,Corporate bond,The Kingdom of Belgium,0.35,2032-06-22,500000,EUR,87.904,PERC,,BTFE,BTFE,BLOOMBERG,1,D2C,MTF,DBFTFN,43cd8f6d-3063-42fb-9c65-3a921a6ab70e
2022-05-06 08:25:30.641000,BE0000354630,Corporate bond,The Kingdom of Belgium,0.35,2032-06-22,22000,EUR,88.008,PERC,,BTFE,BTFE,BLOOMBERG,1,D2C,MTF,DBFTFN,22f8127c-d85b-4dfb-9f75-5495a5f75afa
2022-05-05 07:01:12.480000,BE0000354630,Corporate bond,The Kingdom of Belgium,0.35,2032-06-22,14000,EUR,88.757,PERC,,BTFE,BTFE,BLOOMBERG,1,D2C,MTF,DBFTFN,67972f87-26f7-4f11-a24f-13c96fe191c4
2022-05-04 09:01:01.687000,BE0000354630,Corporate bond,The Kingdom of Belgium,0.35,2032-06-22,500000,EUR,88.739,PERC,,BTFE,BTFE,BLOOMBERG,1,D2C,MTF,DBFTFN,46ff178a-7443-47f7-89da-5575ebeabb9f
2022-05-03 06:47:44.047729,BE0000354630,Corporate bond,The Kingdom of Belgium,0.35,2032-06-22,65448000,EUR,89.748948,PERC,IDAF LRGS,BTFE,BTFE,BLOOMBERG,6,D2C,MTF,DBFTFN,
2022-05-03 06:32:31.304000,BE0000354630,Corporate bond,The Kingdom of Belgium,0.35,2032-06-22,22000,EUR,88.82,PERC,,BTFE,BTFE,BLOOMBERG,1,D2C,MTF,DBFTFN,88a98c27-abca-4c02-a1bc-bb82533dd737
2022-05-02 11:05:23.149000,BE0000354630,Corporate bond,The Kingdom of Belgium,0.35,2032-06-22,1000000,EUR,89.419,PERC,,BTFE,BTFE,BLOOMBERG,1,D2C,MTF,DBFTFN,99491751-b245-4804-adfd-76bff746a6f3
2022-05-02 08:19:12.493000,BE0000354630,Corporate bond,The Kingdom of Belgium,0.35,2032-06-22,1000000,EUR,89.24,PERC,,BTFE,BTFE,BLOOMBERG,1,D2C,MTF,DBFTFN,bac5f9f6-ed8c-435f-bb56-4034fb15e7b2
2022-05-02 07:24:21.224000,BE0000354630,Corporate bond,The Kingdom of Belgium,0.35,2032-06-22,700000,EUR,88.898,PERC,,BTFE,BTFE,BLOOMBERG,1,D2C,MTF,DBFTFN,b44828b8-fde9-4448-bd83-2bc0b365bbd5
2022-04-29 15:33:22.459000,BE0000354630,Corporate bond,The Kingdom of Belgium,0.35,2032-06-22,66000,EUR,89.147,PERC,,BTFE,BTFE,BLOOMBERG,1,D2C,MTF,DBFTFN,3ae4736a-847c-45bc-8d86-a3c920106d59
2022-04-29 12:31:28.934000,BE0000354630,Corporate bond,The Kingdom of Belgium,0.35,2032-06-22,500000,EUR,89.497,PERC,,BTFE,BTFE,BLOOMBERG,1,D2C,MTF,DBFTFN,0af57972-fafa-4861-be51-c53e433bd5ea
2022-04-29 12:03:43.258000,BE0000354630,Corporate bond,The Kingdom of Belgium,0.35,2032-06-22,10000,EUR,89.558,PERC,,BTFE,BTFE,BLOOMBERG,1,D2C,MTF,DBFTFN,fd9bd207-945c-4e00-9423-0dedab561169
2022-04-29 08:30:19.269000,BE0000354630,Corporate bond,The Kingdom of Belgium,0.35,2032-06-22,190695,EUR,89.829,PERC,,BTFE,BTFE,BLOOMBERG,1,D2C,MTF,DBFTFN,f295f763-6087-43fd-a843-aeb81c42e9e2
2022-04-28 09:21:30.671000,BE0000354630,Corporate bond,The Kingdom of Belgium,0.35,2032-06-22,1110000,EUR,90.436,PERC,,BTFE,BTFE,BLOOMBERG,1,D2C,MTF,DBFTFN,863c6eab-6067-432e-85e9-2e88ddf5dfc8
2022-04-28 08:11:00.222000,BE0000354630,Corporate bond,The Kingdom of Belgium,0.35,2032-06-22,210000,EUR,90.361,PERC,,BTFE,BTFE,BLOOMBERG,1,D2C,MTF,DBFTFN,287cb83d-9b4c-48d3-be91-86a4348abed1
2022-04-27 08:37:48.403000,BE0000354630,Corporate bond,The Kingdom of Belgium,0.35,2032-06-22,1110000,EUR,90.494,PERC,,BTFE,BTFE,BLOOMBERG,1,D2C,MTF,DBFTFN,fac13e2f-6b3d-4b08-acec-aa8b31b5d5a8
2022-04-26 08:44:46.014000,BE0000354630,Corporate bond,The Kingdom of Belgium,0.35,2032-06-22,680000,EUR,90.308,PERC,,BTFE,BTFE,BLOOMBERG,1,D2C,MTF,DBFTFN,6b8b9b87-5d7d-4417-9c94-8c0f11dba13a
2022-04-26 06:43:59.833216,BE0000354630,Corporate bond,The Kingdom of Belgium,0.35,2032-06-22,72532170,EUR,90.02636,PERC,IDAF LRGS,BTFE,BTFE,BLOOMBERG,6,D2C,MTF,DBFTFN,
2022-04-22 14:52:37.440000,BE0000354630,Corporate bond,The Kingdom of Belgium,0.35,2032-06-22,1660000,EUR,89.691,PERC,,BTFE,BTFE,BLOOMBERG,1,D2C,MTF,DBFTFN,d372b99a-f8f2-4894-abf5-a02ca84e464e
2022-04-22 11:20:14.352000,BE0000354630,Corporate bond,The Kingdom of Belgium,0.35,2032-06-22,289000,EUR,89.753,PERC,,BTFE,BTFE,BLOOMBERG,1,D2C,MTF,DBFTFN,d01ccee9-d594-4e1a-b0f2-acf26ab72955
2022-04-22 08:37:15.801000,BE0000354630,Corporate bond,The Kingdom of Belgium,0.35,2032-06-22,450000,EUR,89.808,PERC,,BTFE,BTFE,BLOOMBERG,1,D2C,MTF,DBFTFN,31f2abf5-a826-4097-832a-c3796bb2ae56
2022-04-22 08:21:55.891000,BE0000354630,Corporate bond,The Kingdom of Belgium,0.35,2032-06-22,50000,EUR,89.844,PERC,,BTFE,BTFE,BLOOMBERG,1,D2C,MTF,DBFTFN,f345d42a-5bf6-4050-a8d3-ab975fdf8723
2022-04-22 07:48:32.062000,BE0000354630,Corporate bond,The Kingdom of Belgium,0.35,2032-06-22,1700000,EUR,89.814,PERC,,BTFE,BTFE,BLOOMBERG,1,D2C,MTF,DBFTFN,ce3f2500-f21c-4644-9b3c-439a4e638135
2022-04-21 15:20:44.474000,BE0000354630,Corporate bond,The Kingdom of Belgium,0.35,2032-06-22,1000,EUR,89.901,PERC,,BTFE,BTFE,BLOOMBERG,1,D2C,MTF,DBFTFN,f12a93be-b9d4-4ac6-88e9-30f4928aee04
2022-04-19 15:43:20.097000,BE0000354630,Corporate bond,The Kingdom of Belgium,0.35,2032-06-22,45000,EUR,89.946,PERC,,BTFE,BTFE,BLOOMBERG,1,D2C,MTF,DBFTFN,b5b66cf3-8c73-4b14-9014-c65a3e8ede4f
2022-04-19 07:02:19.306000,BE0000354630,Corporate bond,The Kingdom of Belgium,0.35,2032-06-22,10000,EUR,90.556,PERC,,BTFE,BTFE,BLOOMBERG,1,D2C,MTF,DBFTFN,f84e65fc-ff86-454a-b652-abcee5ba8503
2022-04-19 06:44:12.304390,BE0000354630,Corporate bond,The Kingdom of Belgium,0.35,2032-06-22,10000000,EUR,91.11,PERC,IDAF LRGS,BTFE,BTFE,BLOOMBERG,2,D2C,MTF,DBFTFN,
2022-04-12 14:17:30.806000,BE0000354630,Corporate bond,The Kingdom of Belgium,0.35,2032-06-22,100000,EUR,91.022,PERC,,BTFE,BTFE,BLOOMBERG,1,D2C,MTF,DBFTFN,3de710c1-a510-46ce-a781-df3ed7835840
2022-04-12 07:58:53.378000,BE0000354630,Corporate bond,The Kingdom of Belgium,0.35,2032-06-22,20000,EUR,90.354,PERC,,BTFE,BTFE,BLOOMBERG,1,D2C,MTF,DBFTFN,f210a9f6-4cbc-48c8-b769-967e38893667
2022-04-12 06:49:08.443594,BE0000354630,Corporate bond,The Kingdom of Belgium,0.35,2032-06-22,45200000,EUR,92.768288,PERC,IDAF LRGS,BTFE,BTFE,BLOOMBERG,6,D2C,MTF,DBFTFN,
2022-04-06 14:33:19.250000,BE0000354630,Corporate bond,The Kingdom of Belgium,0.35,2032-06-22,1000000,EUR,91.712,PERC,,BTFE,BTFE,BLOOMBERG,1,D2C,MTF,DBFTFN,665b1996-25ec-4c33-9f59-cbae57f6468b
2022-04-05 06:47:03.435876,BE0000354630,Corporate bond,The Kingdom of Belgium,0.35,2032-06-22,108300000,EUR,92.811868,PERC,IDAF LRGS,BTFE,BTFE,BLOOMBERG,7,D2C,MTF,DBFTFN,
2022-04-04 11:41:19.114000,BE0000354630,Corporate bond,The Kingdom of Belgium,0.35,2032-06-22,300000,EUR,93.724,PERC,,BTFE,BTFE,BLOOMBERG,1,D2C,MTF,DBFTFN,ac41a620-6646-40fe-9fed-0311f9eb274d
2022-04-04 08:56:00.576000,BE0000354630,Corporate bond,The Kingdom of Belgium,0.35,2032-06-22,100000,EUR,93.578,PERC,,BTFE,BTFE,BLOOMBERG,1,D2C,MTF,DBFTFN,a5df6667-5eb4-4daf-89fe-fe4ba137275a
2022-04-01 12:21:49.826000,BE0000354630,Corporate bond,The Kingdom of Belgium,0.35,2032-06-22,630000,EUR,93.072,PERC,,BTFE,BTFE,BLOOMBERG,1,D2C,MTF,DBFTFN,a47d018f-41cd-4894-b80f-cf1acedc4810
2022-03-31 15:15:29.855000,BE0000354630,Corporate bond,The Kingdom of Belgium,0.35,2032-06-22,150000,EUR,93.567,PERC,,BTFE,BTFE,BLOOMBERG,1,D2C,MTF,DBFTFN,3e0fe7bc-c094-45bf-a52c-6e2c42582c14
2022-03-31 15:14:47.088000,BE0000354630,Corporate bond,The Kingdom of Belgium,0.35,2032-06-22,1000000,EUR,93.549,PERC,,BTFE,BTFE,BLOOMBERG,1,D2C,MTF,DBFTFN,08132cc3-6b3c-43e7-8551-344778a20500
2022-03-31 14:23:07.356000,BE0000354630,Corporate bond,The Kingdom of Belgium,0.35,2032-06-22,1000000,EUR,93.3,PERC,,BTFE,BTFE,BLOOMBERG,1,D2C,MTF,DBFTFN,9843a466-4321-40bc-9986-acb03693a1e5
2022-03-31 09:15:42.795000,BE0000354630,Corporate bond,The Kingdom of Belgium,0.35,2032-06-22,3000,EUR,92.942,PERC,,BTFE,BTFE,BLOOMBERG,1,D2C,MTF,DBFTFN,83c980e1-eec5-4f87-bba7-594c20fae4ed
2022-03-31 08:58:00.200000,BE0000354630,Corporate bond,The Kingdom of Belgium,0.35,2032-06-22,200000,EUR,93.001,PERC,,BTFE,BTFE,BLOOMBERG,1,D2C,MTF,DBFTFN,746397a2-841d-4e5d-ad45-a1d9660ea020
2022-03-30 15:23:19.419000,BE0000354630,Corporate bond,The Kingdom of Belgium,0.35,2032-06-22,10000,EUR,92.501,PERC,,BTFE,BTFE,BLOOMBERG,1,D2C,MTF,DBFTFN,bfb8bbee-62de-4679-8455-d935b59b86c8
2022-03-29 09:54:28.889000,BE0000354630,Corporate bond,The Kingdom of Belgium,0.35,2032-06-22,70000,EUR,92.656,PERC,,BTFE,BTFE,BLOOMBERG,1,D2C,MTF,DBFTFN,1cfa3362-f9f2-40ff-b0dd-cb8930d080c2
2022-03-29 06:46:55.251248,BE0000354630,Corporate bond,The Kingdom of Belgium,0.35,2032-06-22,40000000,EUR,93.851625,PERC,IDAF LRGS,BTFE,BTFE,BLOOMBERG,3,D2C,MTF,DBFTFN,
2022-03-25 09:22:40.825000,BE0000354630,Corporate bond,The Kingdom of Belgium,0.35,2032-06-22,170000,EUR,94,PERC,,BTFE,BTFE,BLOOMBERG,1,D2C,MTF,DBFTFN,28adea80-460b-4677-bcca-894ccd5ce126
2022-03-23 15:31:03.611000,BE0000354630,Corporate bond,The Kingdom of Belgium,0.35,2032-06-22,7000,EUR,93.911,PERC,,BTFE,BTFE,BLOOMBERG,1,D2C,MTF,DBFTFN,cdeab1b4-9696-4cee-a081-28e44d32eb90
2022-03-23 11:18:54.539000,BE0000354630,Corporate bond,The Kingdom of Belgium,0.35,2032-06-22,1000000,EUR,93.914,PERC,,BTFE,BTFE,BLOOMBERG,1,D2C,MTF,DBFTFN,529cc79f-51bb-45d4-aaa3-28bc9bf2fc79
2022-03-23 11:18:54.188000,BE0000354630,Corporate bond,The Kingdom of Belgium,0.35,2032-06-22,1000000,EUR,93.916,PERC,,BTFE,BTFE,BLOOMBERG,1,D2C,MTF,DBFTFN,dd5b0369-d3a9-459f-ae56-ced3751f51cc
2022-03-22 07:48:53.144937,BE0000354630,Corporate bond,The Kingdom of Belgium,0.35,2032-06-22,79500000,EUR,94.820082,PERC,IDAF LRGS,BTFE,BTFE,BLOOMBERG,6,D2C,MTF,DBFTFN,
2022-03-21 14:57:22.149000,BE0000354630,Corporate bond,The Kingdom of Belgium,0.35,2032-06-22,1000000,EUR,94.344,PERC,,BTFE,BTFE,BLOOMBERG,1,D2C,MTF,DBFTFN,27d68d56-8896-488d-a9e1-85bdfd46e119
2022-03-18 09:05:42.954000,BE0000354630,Corporate bond,The Kingdom of Belgium,0.35,2032-06-22,500000,EUR,94.849,PERC,,BTFE,BTFE,BLOOMBERG,1,D2C,MTF,DBFTFN,fd76e7b8-66c3-47b6-b6d3-57d7fb2d84d9
2022-03-17 15:37:58.599000,BE0000354630,Corporate bond,The Kingdom of Belgium,0.35,2032-06-22,140000,EUR,94.762,PERC,,BTFE,BTFE,BLOOMBERG,1,D2C,MTF,DBFTFN,a4329bf5-1736-4151-ad2a-a6ef94a8afcc
2022-03-16 09:47:18.087000,BE0000354630,Corporate bond,The Kingdom of Belgium,0.35,2032-06-22,1000000,EUR,94.664,PERC,,BTFE,BTFE,BLOOMBERG,1,D2C,MTF,DBFTFN,695cc3a4-34b2-4b9f-b991-8a252e669aac
2022-03-16 08:41:05.615000,BE0000354630,Corporate bond,The Kingdom of Belgium,0.35,2032-06-22,1200000,EUR,94.493,PERC,,BTFE,BTFE,BLOOMBERG,1,D2C,MTF,DBFTFN,71d15a4d-d8ff-443d-8370-48b23f8999f1
2022-03-15 16:13:09.969000,BE0000354630,Corporate bond,The Kingdom of Belgium,0.35,2032-06-22,200000,EUR,94.97,PERC,,BTFE,BTFE,BLOOMBERG,1,D2C,MTF,DBFTFN,924436bc-031a-4e4b-bda7-b1db433a6d80
2022-03-14 09:48:20.557000,BE0000354630,Corporate bond,The Kingdom of Belgium,0.35,2032-06-22,24000,EUR,94.9548,PERC,,BTFE,BTFE,BLOOMBERG,1,D2C,MTF,DBFTFN,bb762af7-9a15-4534-9026-e5f4ec7d52eb
2022-03-14 09:19:09.069000,BE0000354630,Corporate bond,The Kingdom of Belgium,0.35,2032-06-22,25000,EUR,94.9338,PERC,,BTFE,BTFE,BLOOMBERG,1,D2C,MTF,DBFTFN,746c2c87-c84e-4d74-b341-db183f090d34
2022-03-10 15:06:04.468000,BE0000354630,Corporate bond,The Kingdom of Belgium,0.35,2032-06-22,200000,EUR,95.599,PERC,,BTFE,BTFE,BLOOMBERG,1,D2C,MTF,DBFTFN,a338f7cf-b497-46c3-a99b-f792ea9ef1b9
2022-03-09 16:12:30.139000,BE0000354630,Corporate bond,The Kingdom of Belgium,0.35,2032-06-22,330000,EUR,96.4,PERC,,BTFE,BTFE,BLOOMBERG,1,D2C,MTF,DBFTFN,f3c887d7-2857-49ed-942e-44ea5998559a
2022-03-09 15:14:28.550000,BE0000354630,Corporate bond,The Kingdom of Belgium,0.35,2032-06-22,1000000,EUR,96.379,PERC,,BTFE,BTFE,BLOOMBERG,1,D2C,MTF,DBFTFN,18c328f3-4a31-43d5-879d-45be16b79232
2022-03-09 12:12:57.372914,BE0000354630,Corporate bond,The Kingdom of Belgium,0.35,2032-06-22,66725000,EUR,96.811416,PERC,IDAF LRGS,BTFE,BTFE,BLOOMBERG,6,D2C,MTF,DBFTFN,
2022-03-09 11:28:51.780000,BE0000354630,Corporate bond,The Kingdom of Belgium,0.35,2032-06-22,22000,EUR,96.901,PERC,,BTFE,BTFE,BLOOMBERG,1,D2C,MTF,DBFTFN,1cf7777d-dc2d-4cec-881a-9ca821a57709
2022-03-09 10:15:40.637000,BE0000354630,Corporate bond,The Kingdom of Belgium,0.35,2032-06-22,101000,EUR,96.77,PERC,,BTFE,BTFE,BLOOMBERG,1,D2C,MTF,DBFTFN,e4f6c6cc-d2c8-4384-8dc9-e252d0e519c2
2022-03-08 16:01:59.545000,BE0000354630,Corporate bond,The Kingdom of Belgium,0.35,2032-06-22,1000000,EUR,97.44,PERC,,BTFE,BTFE,BLOOMBERG,1,D2C,MTF,DBFTFN,ecc1e6ec-54fe-4aa1-9444-ecee0034f74f
2022-03-08 07:37:22.853052,BE0000354630,Corporate bond,The Kingdom of Belgium,0.35,2032-06-22,4366360,EUR,97.658944,PERC,IDAF ILQD TPAC,BTFE,BTFE,BLOOMBERG,4,D2C,MTF,DBFTFN,
2022-03-07 15:32:05.406000,BE0000354630,Corporate bond,The Kingdom of Belgium,0.35,2032-06-22,800000,EUR,98.224,PERC,,BTFE,BTFE,BLOOMBERG,1,D2C,MTF,DBFTFN,3663b1d0-ae6e-497b-bf2c-e0f53c16f74c
2022-03-04 10:18:02.142000,BE0000354630,Corporate bond,The Kingdom of Belgium,0.35,2032-06-22,250000,EUR,98.243,PERC,,BTFE,BTFE,BLOOMBERG,1,D2C,MTF,DBFTFN,37ca0798-c2a4-4af3-a529-a2a96a8c1a78
2022-03-02 16:11:31.537000,BE0000354630,Corporate bond,The Kingdom of Belgium,0.35,2032-06-22,400000,EUR,98.162,PERC,,BTFE,BTFE,BLOOMBERG,1,D2C,MTF,DBFTFN,d3f530cd-bdf0-4607-8a06-bfcd7f973fd8
2022-03-01 16:33:38.831000,BE0000354630,Corporate bond,The Kingdom of Belgium,0.35,2032-06-22,500000,EUR,99.429,PERC,,BTFE,BTFE,BLOOMBERG,1,D2C,MTF,DBFTFN,cdaa10fd-e2f3-42c4-8803-181e300e6c28
2022-03-01 16:14:21.295000,BE0000354630,Corporate bond,The Kingdom of Belgium,0.35,2032-06-22,1970,EUR,99.12,PERC,,BTFE,BTFE,BLOOMBERG,1,D2C,MTF,DBFTFN,d57dbb1f-bb72-4cc3-a1c8-0654dccbe4be
2022-03-01 07:47:58.834731,BE0000354630,Corporate bond,The Kingdom of Belgium,0.35,2032-06-22,83318000,EUR,96.423033,PERC,IDAF LRGS,BTFE,BTFE,BLOOMBERG,7,D2C,MTF,DBFTFN,
2022-02-28 16:14:57.697000,BE0000354630,Corporate bond,The Kingdom of Belgium,0.35,2032-06-22,640,EUR,96.918,PERC,,BTFE,BTFE,BLOOMBERG,1,D2C,MTF,DBFTFN,f84cff71-d8e1-4783-89ce-f6a0cf07c8ea
2022-02-28 15:05:03.488000,BE0000354630,Corporate bond,The Kingdom of Belgium,0.35,2032-06-22,325000,EUR,96.85,PERC,,BTFE,BTFE,BLOOMBERG,1,D2C,MTF,DBFTFN,a4128ec0-63cc-46ca-bbc0-6f13f68668f1
2022-02-25 10:40:10.438000,BE0000354630,Corporate bond,The Kingdom of Belgium,0.35,2032-06-22,32000,EUR,96.6724,PERC,,BTFE,BTFE,BLOOMBERG,1,D2C,MTF,DBFTFN,06102465-d7df-4c0c-b417-324e91eab50a
2022-02-25 09:54:57.972000,BE0000354630,Corporate bond,The Kingdom of Belgium,0.35,2032-06-22,1232000,EUR,96.819,PERC,,BTFE,BTFE,BLOOMBERG,1,D2C,MTF,DBFTFN,d1f01575-5ea0-433b-b424-b96ce0723d6d
2022-02-25 07:36:50.700000,BE0000354630,Corporate bond,The Kingdom of Belgium,0.35,2032-06-22,211000,EUR,96.647,PERC,,BTFE,BTFE,BLOOMBERG,1,D2C,MTF,DBFTFN,99f7d12c-6a16-4fe8-a5de-d0695c290e1c
2022-02-24 16:06:00.993000,BE0000354630,Corporate bond,The Kingdom of Belgium,0.35,2032-06-22,1418000,EUR,96.767,PERC,,BTFE,BTFE,BLOOMBERG,1,D2C,MTF,DBFTFN,3444b663-21d3-4001-9ab8-426f727f2c58
2022-02-24 12:12:59.653000,BE0000354630,Corporate bond,The Kingdom of Belgium,0.35,2032-06-22,1583000,EUR,96.779,PERC,,BTFE,BTFE,BLOOMBERG,1,D2C,MTF,DBFTFN,43667506-7aef-41b3-9a55-bef4d5f72b16
2022-02-24 11:00:11.673000,BE0000354630,Corporate bond,The Kingdom of Belgium,0.35,2032-06-22,50000,EUR,96.869,PERC,,BTFE,BTFE,BLOOMBERG,1,D2C,MTF,DBFTFN,a07f86b5-2986-4217-8699-60537decd97f
2022-02-24 08:42:18.267000,BE0000354630,Corporate bond,The Kingdom of Belgium,0.35,2032-06-22,165000,EUR,96.51,PERC,,BTFE,BTFE,BLOOMBERG,1,D2C,MTF,DBFTFN,0b787aa2-67d0-424b-88e5-474694ce5e6f
2022-02-23 16:39:04.695000,BE0000354630,Corporate bond,The Kingdom of Belgium,0.35,2032-06-22,51000,EUR,96.128,PERC,,BTFE,BTFE,BLOOMBERG,1,D2C,MTF,DBFTFN,4b836e21-b4a9-4b00-b66f-16a8bf8b7df8
2022-02-23 16:30:23.705000,BE0000354630,Corporate bond,The Kingdom of Belgium,0.35,2032-06-22,251000,EUR,96.058,PERC,,BTFE,BTFE,BLOOMBERG,1,D2C,MTF,DBFTFN,36836789-d040-4230-a636-d9ed2345d1cd
2022-02-23 15:20:05.255000,BE0000354630,Corporate bond,The Kingdom of Belgium,0.35,2032-06-22,247000,EUR,95.955,PERC,,BTFE,BTFE,BLOOMBERG,1,D2C,MTF,DBFTFN,edb1c865-d417-4240-a1fc-b13113aa600d
2022-02-23 12:13:43.274000,BE0000354630,Corporate bond,The Kingdom of Belgium,0.35,2032-06-22,703000,EUR,95.945,PERC,,BTFE,BTFE,BLOOMBERG,1,D2C,MTF,DBFTFN,44e8127d-d3b3-40ea-bdb3-eda27304e405
2022-02-23 10:23:03.373000,BE0000354630,Corporate bond,The Kingdom of Belgium,0.35,2032-06-22,62000,EUR,96.0455,PERC,,BTFE,BTFE,BLOOMBERG,1,D2C,MTF,DBFTFN,fccec6d2-98c6-4515-9b44-862b6a7610ed
2022-02-23 09:46:52.931000,BE0000354630,Corporate bond,The Kingdom of Belgium,0.35,2032-06-22,22000,EUR,96.018,PERC,,BTFE,BTFE,BLOOMBERG,1,D2C,MTF,DBFTFN,57ff929e-6474-4099-95ad-7ceeb81a5a04
2022-02-22 16:37:15.794000,BE0000354630,Corporate bond,The Kingdom of Belgium,0.35,2032-06-22,1000000,EUR,96.081,PERC,,BTFE,BTFE,BLOOMBERG,1,D2C,MTF,DBFTFN,c80d7db7-2c3d-4887-85b5-6f58759f2b59
2022-02-22 07:52:59.940735,BE0000354630,Corporate bond,The Kingdom of Belgium,0.35,2032-06-22,114000000,EUR,96.097807,PERC,IDAF LRGS,BTFE,BTFE,BLOOMBERG,11,D2C,MTF,DBFTFN,
2022-02-17 16:18:20.288000,BE0000354630,Corporate bond,The Kingdom of Belgium,0.35,2032-06-22,100000,EUR,96.301,PERC,,BTFE,BTFE,BLOOMBERG,1,D2C,MTF,DBFTFN,4e425f6d-6c3b-47de-9fb4-6c9f37790a9f
2022-02-16 09:41:03.830000,BE0000354630,Corporate bond,The Kingdom of Belgium,0.35,2032-06-22,1000000,EUR,95.507,PERC,,BTFE,BTFE,BLOOMBERG,1,D2C,MTF,DBFTFN,d7d992cb-b11c-402d-a106-8a76d35561dd
2022-02-15 10:34:18.595000,BE0000354630,Corporate bond,The Kingdom of Belgium,0.35,2032-06-22,5000,EUR,95.81,PERC,,BTFE,BTFE,BLOOMBERG,1,D2C,MTF,DBFTFN,1cf462c8-31c1-4fbb-9fae-f9ef46f784e4
2022-02-15 07:52:18.081101,BE0000354630,Corporate bond,The Kingdom of Belgium,0.35,2032-06-22,48822285,EUR,96.632175,PERC,IDAF SIZE,BTFE,BTFE,BLOOMBERG,5,D2C,MTF,DBFTFN,
2022-02-09 09:09:45.158000,BE0000354630,Corporate bond,The Kingdom of Belgium,0.35,2032-06-22,1430000,EUR,96.87,PERC,,BTFE,BTFE,BLOOMBERG,1,D2C,MTF,DBFTFN,5cfd5e8f-0964-44e3-88c8-876c20ff3189
2022-02-08 15:17:03.376000,BE0000354630,Corporate bond,The Kingdom of Belgium,0.35,2032-06-22,200000,EUR,96.268,PERC,,BTFE,BTFE,BLOOMBERG,1,D2C,MTF,DBFTFN,3e2bb238-ab95-4e1c-8ab1-10cf20bcd63b
2022-02-08 07:53:17.522448,BE0000354630,Corporate bond,The Kingdom of Belgium,0.35,2032-06-22,117866540,EUR,98.621928,PERC,IDAF LRGS,BTFE,BTFE,BLOOMBERG,14,D2C,MTF,DBFTFN,
2022-02-07 08:42:31.960000,BE0000354630,Corporate bond,The Kingdom of Belgium,0.35,2032-06-22,1500000,EUR,96.882,PERC,,BTFE,BTFE,BLOOMBERG,1,D2C,MTF,DBFTFN,617fac12-a978-4d3e-83ef-cc82b9d0e527
2022-02-04 10:45:05.086000,BE0000354630,Corporate bond,The Kingdom of Belgium,0.35,2032-06-22,8000,EUR,97.37,PERC,,BTFE,BTFE,BLOOMBERG,1,D2C,MTF,DBFTFN,a8270e58-fbad-4b57-b2e1-48437a64f8bb
2022-02-03 14:13:15.882000,BE0000354630,Corporate bond,The Kingdom of Belgium,0.35,2032-06-22,1500000,EUR,98.319,PERC,,BTFE,BTFE,BLOOMBERG,1,D2C,MTF,DBFTFN,3a2c6f9c-3cbe-4315-9781-1324fbecb5c2
2022-02-03 12:43:11.376000,BE0000354630,Corporate bond,The Kingdom of Belgium,0.35,2032-06-22,1500000,EUR,98.74,PERC,,BTFE,BTFE,BLOOMBERG,1,D2C,MTF,DBFTFN,610166be-7499-48b6-8757-f242f70b5a2e
2022-02-02 15:11:20.546000,BE0000354630,Corporate bond,The Kingdom of Belgium,0.35,2032-06-22,700000,EUR,99.062,PERC,,BTFE,BTFE,BLOOMBERG,1,D2C,MTF,DBFTFN,9b387872-8204-4aed-b467-0ec583e5850c
2022-02-02 14:51:23.154000,BE0000354630,Corporate bond,The Kingdom of Belgium,0.35,2032-06-22,2000,EUR,99.044,PERC,,BTFE,BTFE,BLOOMBERG,1,D2C,MTF,DBFTFN,048282b2-2715-4455-8ba5-8e76ae28a00d
2022-02-01 16:11:34.863000,BE0000354630,Corporate bond,The Kingdom of Belgium,0.35,2032-06-22,380000,EUR,99.049,PERC,,BTFE,BTFE,BLOOMBERG,1,D2C,MTF,DBFTFN,c2f383a5-5f60-452b-a808-b5b070993058
2022-02-01 07:52:34.675961,BE0000354630,Corporate bond,The Kingdom of Belgium,0.35,2032-06-22,51150000,EUR,99.868587,PERC,IDAF SIZE,BTFE,BTFE,BLOOMBERG,6,D2C,MTF,DBFTFN,
2022-01-31 16:07:31.386000,BE0000354630,Corporate bond,The Kingdom of Belgium,0.35,2032-06-22,2000,EUR,99.486,PERC,,BTFE,BTFE,BLOOMBERG,1,D2C,MTF,DBFTFN,0c9cc401-c4e9-48ec-801c-848c643a88ca
2022-01-28 14:45:22.109000,BE0000354630,Corporate bond,The Kingdom of Belgium,0.35,2032-06-22,5000,EUR,99.735,PERC,,BTFE,BTFE,BLOOMBERG,1,D2C,MTF,DBFTFN,95e7a797-c414-4812-98c3-95342d989ae9
2022-01-27 08:06:25.644000,BE0000354630,Corporate bond,The Kingdom of Belgium,0.35,2032-06-22,100000,EUR,99.794,PERC,,BTFE,BTFE,BLOOMBERG,1,D2C,MTF,DBFTFN,42a0dccb-b0ff-416d-b42a-07eb58f0007c
