Historical Rts2 Post Trade Microsecond,Historical Rts2 Instrument Identification Code,Bond Type Bond Type Desc,Instruments New Issuer Name,Instruments New Bond Fixed Rate,Instruments New Bond Maturity Date,Historical Rts2 Notional Amount,Historical Rts2 Notional Currency,Historical Rts2 Price,Historical Rts2 Price Notation,Historical Rts2 Flag List,Historical Rts2 Venue of Execution,Historical Rts2 Venue of Publication,Mifid Entities Commercial Name,Historical Rts2 Transaction Count,Mifid Entities Platform Type,Mifid Entities Trading Venue Types,Instruments New Cfi,Historical Rts2 Transaction Identification Code
2022-07-20 14:44:42.905882,BE0000354630,Corporate bond,The Kingdom of Belgium,0.35,2032-06-22,5000000,EUR,86.44,PERC,,BMTS,BMTS,MTS,1,D2D,MTF,DBFTFN,401955
2022-07-20 14:44:42.899298,BE0000354630,Corporate bond,The Kingdom of Belgium,0.35,2032-06-22,5000000,EUR,86.44,PERC,,BMTS,BMTS,MTS,1,D2D,MTF,DBFTFN,401954
2022-07-20 14:44:42.887073,BE0000354630,Corporate bond,The Kingdom of Belgium,0.35,2032-06-22,5000000,EUR,86.44,PERC,,BMTS,BMTS,MTS,1,D2D,MTF,DBFTFN,401953
2022-07-20 14:44:42.868036,BE0000354630,Corporate bond,The Kingdom of Belgium,0.35,2032-06-22,5000000,EUR,86.44,PERC,,BMTS,BMTS,MTS,1,D2D,MTF,DBFTFN,401952
2022-07-20 14:44:42.863847,BE0000354630,Corporate bond,The Kingdom of Belgium,0.35,2032-06-22,5000000,EUR,86.45,PERC,,BMTS,BMTS,MTS,1,D2D,MTF,DBFTFN,401951
2022-07-20 14:44:42.854830,BE0000354630,Corporate bond,The Kingdom of Belgium,0.35,2032-06-22,10000000,EUR,86.45,PERC,,BMTS,BMTS,MTS,1,D2D,MTF,DBFTFN,401950
2022-07-20 14:44:42.843724,BE0000354630,Corporate bond,The Kingdom of Belgium,0.35,2032-06-22,5000000,EUR,86.45,PERC,,BMTS,BMTS,MTS,1,D2D,MTF,DBFTFN,401949
2022-07-20 14:44:42.832317,BE0000354630,Corporate bond,The Kingdom of Belgium,0.35,2032-06-22,5000000,EUR,86.45,PERC,,BMTS,BMTS,MTS,1,D2D,MTF,DBFTFN,401948
2022-07-20 12:23:41.876974,BE0000354630,Corporate bond,The Kingdom of Belgium,0.35,2032-06-22,2500000,EUR,87.01,PERC,,BMTS,BMTS,MTS,1,D2D,MTF,DBFTFN,401246
2022-07-20 08:00:07.444408,BE0000354630,Corporate bond,The Kingdom of Belgium,0.35,2032-06-22,3500000,EUR,86.75,PERC,,BMTS,BMTS,MTS,1,D2D,MTF,DBFTFN,400144
2022-07-19 14:12:55.504580,BE0000354630,Corporate bond,The Kingdom of Belgium,0.35,2032-06-22,5000000,EUR,86.57,PERC,,BMTS,BMTS,MTS,1,D2D,MTF,DBFTFN,402202
2022-07-19 13:39:07.225364,BE0000354630,Corporate bond,The Kingdom of Belgium,0.35,2032-06-22,5000000,EUR,86.46,PERC,,BMTS,BMTS,MTS,1,D2D,MTF,DBFTFN,401966
2022-07-19 13:36:00.421713,BE0000354630,Corporate bond,The Kingdom of Belgium,0.35,2032-06-22,10000000,EUR,86.53,PERC,,BMTS,BMTS,MTS,1,D2D,MTF,DBFTFN,401936
2022-07-18 09:59:55.374671,BE0000354630,Corporate bond,The Kingdom of Belgium,0.35,2032-06-22,5000000,EUR,86.26,PERC,,BMTS,BMTS,MTS,1,D2D,MTF,DBFTFN,400969
2022-07-18 09:55:10.622735,BE0000354630,Corporate bond,The Kingdom of Belgium,0.35,2032-06-22,5000000,EUR,86.26,PERC,,BMTS,BMTS,MTS,1,D2D,MTF,DBFTFN,400881
2022-07-18 09:55:10.607421,BE0000354630,Corporate bond,The Kingdom of Belgium,0.35,2032-06-22,5000000,EUR,86.26,PERC,,BMTS,BMTS,MTS,1,D2D,MTF,DBFTFN,400880
2022-07-18 09:55:10.593491,BE0000354630,Corporate bond,The Kingdom of Belgium,0.35,2032-06-22,10000000,EUR,86.26,PERC,,BMTS,BMTS,MTS,1,D2D,MTF,DBFTFN,400879
2022-07-18 09:55:10.588250,BE0000354630,Corporate bond,The Kingdom of Belgium,0.35,2032-06-22,5000000,EUR,86.26,PERC,,BMTS,BMTS,MTS,1,D2D,MTF,DBFTFN,400878
2022-07-18 09:55:10.582281,BE0000354630,Corporate bond,The Kingdom of Belgium,0.35,2032-06-22,5000000,EUR,86.27,PERC,,BMTS,BMTS,MTS,1,D2D,MTF,DBFTFN,400877
2022-07-18 09:55:10.565137,BE0000354630,Corporate bond,The Kingdom of Belgium,0.35,2032-06-22,5000000,EUR,86.27,PERC,,BMTS,BMTS,MTS,1,D2D,MTF,DBFTFN,400876
2022-07-18 07:45:27.942654,BE0000354630,Corporate bond,The Kingdom of Belgium,0.35,2032-06-22,5000000,EUR,86.72,PERC,,BMTS,BMTS,MTS,1,D2D,MTF,DBFTFN,400170
2022-07-18 07:45:27.929639,BE0000354630,Corporate bond,The Kingdom of Belgium,0.35,2032-06-22,5000000,EUR,86.72,PERC,,BMTS,BMTS,MTS,1,D2D,MTF,DBFTFN,400169
2022-07-18 07:45:27.921393,BE0000354630,Corporate bond,The Kingdom of Belgium,0.35,2032-06-22,5000000,EUR,86.73,PERC,,BMTS,BMTS,MTS,1,D2D,MTF,DBFTFN,400168
2022-07-18 07:43:34.325569,BE0000354630,Corporate bond,The Kingdom of Belgium,0.35,2032-06-22,6000000,EUR,86.76,PERC,,BMTS,BMTS,MTS,1,D2D,MTF,DBFTFN,400148
2022-07-15 13:59:57.356622,BE0000354630,Corporate bond,The Kingdom of Belgium,0.35,2032-06-22,5000000,EUR,87.08,PERC,,BMTS,BMTS,MTS,1,D2D,MTF,DBFTFN,401377
2022-07-15 12:40:16.867917,BE0000354630,Corporate bond,The Kingdom of Belgium,0.35,2032-06-22,2500000,EUR,87.14,PERC,,BMTS,BMTS,MTS,1,D2D,MTF,DBFTFN,401107
2022-07-15 12:30:02.846717,BE0000354630,Corporate bond,The Kingdom of Belgium,0.35,2032-06-22,3000000,EUR,86.97,PERC,,BMTS,BMTS,MTS,1,D2D,MTF,DBFTFN,401041
2022-07-15 12:29:57.803408,BE0000354630,Corporate bond,The Kingdom of Belgium,0.35,2032-06-22,5000000,EUR,87.05,PERC,,BMTS,BMTS,MTS,1,D2D,MTF,DBFTFN,401039
2022-07-12 10:53:39.943709,BE0000354630,Corporate bond,The Kingdom of Belgium,0.35,2032-06-22,3000000,EUR,87.32,PERC,,BMTS,BMTS,MTS,1,D2D,MTF,DBFTFN,401544
2022-07-12 09:02:02.386657,BE0000354630,Corporate bond,The Kingdom of Belgium,0.35,2032-06-22,2500000,EUR,87.25,PERC,,BMTS,BMTS,MTS,1,D2D,MTF,DBFTFN,400864
2022-07-12 08:43:20.967760,BE0000354630,Corporate bond,The Kingdom of Belgium,0.35,2032-06-22,5000000,EUR,87.12,PERC,,BMTS,BMTS,MTS,1,D2D,MTF,DBFTFN,400722
2022-07-08 09:38:14.090358,BE0000354630,Corporate bond,The Kingdom of Belgium,0.35,2032-06-22,2500000,EUR,85.96,PERC,,BMTS,BMTS,MTS,1,D2D,MTF,DBFTFN,400943
2022-07-07 07:51:27.386347,BE0000354630,Corporate bond,The Kingdom of Belgium,0.35,2032-06-22,5000000,EUR,85.9,PERC,,BMTS,BMTS,MTS,1,D2D,MTF,DBFTFN,400169
2022-07-07 07:51:01.888949,BE0000354630,Corporate bond,The Kingdom of Belgium,0.35,2032-06-22,5000000,EUR,85.88,PERC,,BMTS,BMTS,MTS,1,D2D,MTF,DBFTFN,400168
2022-07-06 14:00:00.997155,BE0000354630,Corporate bond,The Kingdom of Belgium,0.35,2032-06-22,2500000,EUR,86.6,PERC,,BMTS,BMTS,MTS,1,D2D,MTF,DBFTFN,402388
2022-07-05 13:18:30.562113,BE0000354630,Corporate bond,The Kingdom of Belgium,0.35,2032-06-22,5000000,EUR,85.85,PERC,,BMTS,BMTS,MTS,1,D2D,MTF,DBFTFN,402156
2022-07-05 13:18:30.551178,BE0000354630,Corporate bond,The Kingdom of Belgium,0.35,2032-06-22,5000000,EUR,85.85,PERC,,BMTS,BMTS,MTS,1,D2D,MTF,DBFTFN,402155
2022-07-05 10:12:33.160712,BE0000354630,Corporate bond,The Kingdom of Belgium,0.35,2032-06-22,2500000,EUR,85.28,PERC,,BMTS,BMTS,MTS,1,D2D,MTF,DBFTFN,401278
2022-07-05 09:01:52.902750,BE0000354630,Corporate bond,The Kingdom of Belgium,0.35,2032-06-22,2500000,EUR,85.61,PERC,,BMTS,BMTS,MTS,1,D2D,MTF,DBFTFN,400787
2022-07-01 12:53:18.408282,BE0000354630,Corporate bond,The Kingdom of Belgium,0.35,2032-06-22,5000000,EUR,85.7,PERC,,BMTS,BMTS,MTS,1,D2D,MTF,DBFTFN,402037
2022-07-01 12:53:01.330601,BE0000354630,Corporate bond,The Kingdom of Belgium,0.35,2032-06-22,5000000,EUR,85.7,PERC,,BMTS,BMTS,MTS,1,D2D,MTF,DBFTFN,402036
2022-07-01 10:06:11.249574,BE0000354630,Corporate bond,The Kingdom of Belgium,0.35,2032-06-22,5000000,EUR,84.84,PERC,,BMTS,BMTS,MTS,1,D2D,MTF,DBFTFN,401001
2022-07-01 10:06:11.237687,BE0000354630,Corporate bond,The Kingdom of Belgium,0.35,2032-06-22,5000000,EUR,84.84,PERC,,BMTS,BMTS,MTS,1,D2D,MTF,DBFTFN,401000
2022-07-01 09:00:03.655732,BE0000354630,Corporate bond,The Kingdom of Belgium,0.35,2032-06-22,5000000,EUR,84.72,PERC,,BMTS,BMTS,MTS,1,D2D,MTF,DBFTFN,400504
2022-06-29 10:27:17.230945,BE0000354630,Corporate bond,The Kingdom of Belgium,0.35,2032-06-22,5000000,EUR,83.14,PERC,,BMTS,BMTS,MTS,1,D2D,MTF,DBFTFN,400909
2022-06-29 10:27:17.221768,BE0000354630,Corporate bond,The Kingdom of Belgium,0.35,2032-06-22,5000000,EUR,83.14,PERC,,BMTS,BMTS,MTS,1,D2D,MTF,DBFTFN,400908
2022-06-29 09:54:40.776529,BE0000354630,Corporate bond,The Kingdom of Belgium,0.35,2032-06-22,3500000,EUR,82.99,PERC,,BMTS,BMTS,MTS,1,D2D,MTF,DBFTFN,400752
2022-06-29 09:54:39.402814,BE0000354630,Corporate bond,The Kingdom of Belgium,0.35,2032-06-22,5000000,EUR,83.01,PERC,,BMTS,BMTS,MTS,1,D2D,MTF,DBFTFN,400747
2022-06-29 09:54:39.366480,BE0000354630,Corporate bond,The Kingdom of Belgium,0.35,2032-06-22,5000000,EUR,83.01,PERC,,BMTS,BMTS,MTS,1,D2D,MTF,DBFTFN,400742
2022-06-29 09:32:46.607753,BE0000354630,Corporate bond,The Kingdom of Belgium,0.35,2032-06-22,5000000,EUR,83.28,PERC,,BMTS,BMTS,MTS,1,D2D,MTF,DBFTFN,400604
2022-06-29 09:32:46.589157,BE0000354630,Corporate bond,The Kingdom of Belgium,0.35,2032-06-22,5000000,EUR,83.3,PERC,,BMTS,BMTS,MTS,1,D2D,MTF,DBFTFN,400602
2022-06-29 09:32:46.579681,BE0000354630,Corporate bond,The Kingdom of Belgium,0.35,2032-06-22,10000000,EUR,83.31,PERC,,BMTS,BMTS,MTS,1,D2D,MTF,DBFTFN,400601
2022-06-29 09:32:46.573239,BE0000354630,Corporate bond,The Kingdom of Belgium,0.35,2032-06-22,10000000,EUR,83.31,PERC,,BMTS,BMTS,MTS,1,D2D,MTF,DBFTFN,400600
2022-06-29 09:32:46.565763,BE0000354630,Corporate bond,The Kingdom of Belgium,0.35,2032-06-22,5000000,EUR,83.31,PERC,,BMTS,BMTS,MTS,1,D2D,MTF,DBFTFN,400598
2022-06-29 09:32:46.545884,BE0000354630,Corporate bond,The Kingdom of Belgium,0.35,2032-06-22,5000000,EUR,83.32,PERC,,BMTS,BMTS,MTS,1,D2D,MTF,DBFTFN,400595
2022-06-29 09:32:46.526452,BE0000354630,Corporate bond,The Kingdom of Belgium,0.35,2032-06-22,5000000,EUR,83.32,PERC,,BMTS,BMTS,MTS,1,D2D,MTF,DBFTFN,400592
2022-06-29 09:32:46.495261,BE0000354630,Corporate bond,The Kingdom of Belgium,0.35,2032-06-22,5000000,EUR,83.32,PERC,,BMTS,BMTS,MTS,1,D2D,MTF,DBFTFN,400589
2022-06-29 09:32:46.463978,BE0000354630,Corporate bond,The Kingdom of Belgium,0.35,2032-06-22,5000000,EUR,83.32,PERC,,BMTS,BMTS,MTS,1,D2D,MTF,DBFTFN,400585
2022-06-29 09:32:46.433480,BE0000354630,Corporate bond,The Kingdom of Belgium,0.35,2032-06-22,5000000,EUR,83.33,PERC,,BMTS,BMTS,MTS,1,D2D,MTF,DBFTFN,400581
2022-06-28 13:00:50.724343,BE0000354630,Corporate bond,The Kingdom of Belgium,0.35,2032-06-22,5000000,EUR,82.99,PERC,,BMTS,BMTS,MTS,1,D2D,MTF,DBFTFN,401985
2022-06-27 07:55:40.529388,BE0000354630,Corporate bond,The Kingdom of Belgium,0.35,2032-06-22,5000000,EUR,84.4,PERC,,BMTS,BMTS,MTS,1,D2D,MTF,DBFTFN,400159
2022-06-24 14:00:00.200446,BE0000354630,Corporate bond,The Kingdom of Belgium,0.35,2032-06-22,5000000,EUR,84.61,PERC,,BMTS,BMTS,MTS,1,D2D,MTF,DBFTFN,401936
2022-06-23 13:42:51.465531,BE0000354630,Corporate bond,The Kingdom of Belgium,0.35,2032-06-22,5000000,EUR,84.67,PERC,,BMTS,BMTS,MTS,1,D2D,MTF,DBFTFN,402030
2022-06-22 08:51:49.315733,BE0000354630,Corporate bond,The Kingdom of Belgium,0.35,2032-06-22,5000000,EUR,82.49,PERC,,BMTS,BMTS,MTS,1,D2D,MTF,DBFTFN,400733
2022-06-21 14:16:08.049596,BE0000354630,Corporate bond,The Kingdom of Belgium,0.35,2032-06-22,5000000,EUR,81.85,PERC,,BMTS,BMTS,MTS,1,D2D,MTF,DBFTFN,401959
2022-06-20 12:57:14.537032,BE0000354630,Corporate bond,The Kingdom of Belgium,0.35,2032-06-22,5000000,EUR,82.5,PERC,,BMTS,BMTS,MTS,1,D2D,MTF,DBFTFN,401246
2022-06-20 12:53:10.397472,BE0000354630,Corporate bond,The Kingdom of Belgium,0.35,2032-06-22,5000000,EUR,82.49,PERC,,BMTS,BMTS,MTS,1,D2D,MTF,DBFTFN,401237
2022-06-20 12:53:10.392862,BE0000354630,Corporate bond,The Kingdom of Belgium,0.35,2032-06-22,5000000,EUR,82.48,PERC,,BMTS,BMTS,MTS,1,D2D,MTF,DBFTFN,401236
2022-06-20 12:53:10.383990,BE0000354630,Corporate bond,The Kingdom of Belgium,0.35,2032-06-22,10000000,EUR,82.48,PERC,,BMTS,BMTS,MTS,1,D2D,MTF,DBFTFN,401235
2022-06-20 12:53:10.378118,BE0000354630,Corporate bond,The Kingdom of Belgium,0.35,2032-06-22,5000000,EUR,82.47,PERC,,BMTS,BMTS,MTS,1,D2D,MTF,DBFTFN,401234
2022-06-20 12:53:10.371190,BE0000354630,Corporate bond,The Kingdom of Belgium,0.35,2032-06-22,5000000,EUR,82.47,PERC,,BMTS,BMTS,MTS,1,D2D,MTF,DBFTFN,401233
2022-06-20 12:53:10.365017,BE0000354630,Corporate bond,The Kingdom of Belgium,0.35,2032-06-22,5000000,EUR,82.47,PERC,,BMTS,BMTS,MTS,1,D2D,MTF,DBFTFN,401232
2022-06-20 12:53:10.360342,BE0000354630,Corporate bond,The Kingdom of Belgium,0.35,2032-06-22,5000000,EUR,82.47,PERC,,BMTS,BMTS,MTS,1,D2D,MTF,DBFTFN,401231
2022-06-20 12:53:10.352604,BE0000354630,Corporate bond,The Kingdom of Belgium,0.35,2032-06-22,10000000,EUR,82.47,PERC,,BMTS,BMTS,MTS,1,D2D,MTF,DBFTFN,401230
2022-06-20 12:53:10.347224,BE0000354630,Corporate bond,The Kingdom of Belgium,0.35,2032-06-22,5000000,EUR,82.46,PERC,,BMTS,BMTS,MTS,1,D2D,MTF,DBFTFN,401229
2022-06-20 09:59:53.944170,BE0000354630,Corporate bond,The Kingdom of Belgium,0.35,2032-06-22,5000000,EUR,82.59,PERC,,BMTS,BMTS,MTS,1,D2D,MTF,DBFTFN,400666
2022-06-20 09:59:51.085463,BE0000354630,Corporate bond,The Kingdom of Belgium,0.35,2032-06-22,4000000,EUR,82.61,PERC,,BMTS,BMTS,MTS,1,D2D,MTF,DBFTFN,400665
2022-06-20 09:59:48.519322,BE0000354630,Corporate bond,The Kingdom of Belgium,0.35,2032-06-22,6000000,EUR,82.61,PERC,,BMTS,BMTS,MTS,1,D2D,MTF,DBFTFN,400663
2022-06-20 09:59:47.329222,BE0000354630,Corporate bond,The Kingdom of Belgium,0.35,2032-06-22,5000000,EUR,82.64,PERC,,BMTS,BMTS,MTS,1,D2D,MTF,DBFTFN,400662
2022-06-20 09:59:44.084644,BE0000354630,Corporate bond,The Kingdom of Belgium,0.35,2032-06-22,4000000,EUR,82.61,PERC,,BMTS,BMTS,MTS,1,D2D,MTF,DBFTFN,400661
2022-06-20 09:59:41.076482,BE0000354630,Corporate bond,The Kingdom of Belgium,0.35,2032-06-22,5000000,EUR,82.62,PERC,,BMTS,BMTS,MTS,1,D2D,MTF,DBFTFN,400660
2022-06-20 09:59:38.738101,BE0000354630,Corporate bond,The Kingdom of Belgium,0.35,2032-06-22,5000000,EUR,82.64,PERC,,BMTS,BMTS,MTS,1,D2D,MTF,DBFTFN,400659
2022-06-20 09:59:26.247268,BE0000354630,Corporate bond,The Kingdom of Belgium,0.35,2032-06-22,5000000,EUR,82.61,PERC,,BMTS,BMTS,MTS,1,D2D,MTF,DBFTFN,400658
2022-06-20 09:59:26.232919,BE0000354630,Corporate bond,The Kingdom of Belgium,0.35,2032-06-22,5000000,EUR,82.61,PERC,,BMTS,BMTS,MTS,1,D2D,MTF,DBFTFN,400657
2022-06-20 09:58:29.295338,BE0000354630,Corporate bond,The Kingdom of Belgium,0.35,2032-06-22,5000000,EUR,82.59,PERC,,BMTS,BMTS,MTS,1,D2D,MTF,DBFTFN,400654
2022-06-20 09:58:26.538498,BE0000354630,Corporate bond,The Kingdom of Belgium,0.35,2032-06-22,5000000,EUR,82.59,PERC,,BMTS,BMTS,MTS,1,D2D,MTF,DBFTFN,400653
2022-06-20 09:58:20.564728,BE0000354630,Corporate bond,The Kingdom of Belgium,0.35,2032-06-22,5000000,EUR,82.58,PERC,,BMTS,BMTS,MTS,1,D2D,MTF,DBFTFN,400652
2022-06-20 09:57:47.666656,BE0000354630,Corporate bond,The Kingdom of Belgium,0.35,2032-06-22,5000000,EUR,82.6,PERC,,BMTS,BMTS,MTS,1,D2D,MTF,DBFTFN,400651
2022-06-20 09:57:25.917478,BE0000354630,Corporate bond,The Kingdom of Belgium,0.35,2032-06-22,5000000,EUR,82.59,PERC,,BMTS,BMTS,MTS,1,D2D,MTF,DBFTFN,400647
2022-06-20 09:57:06.447963,BE0000354630,Corporate bond,The Kingdom of Belgium,0.35,2032-06-22,6000000,EUR,82.57,PERC,,BMTS,BMTS,MTS,1,D2D,MTF,DBFTFN,400643
2022-06-20 09:56:05.760211,BE0000354630,Corporate bond,The Kingdom of Belgium,0.35,2032-06-22,5000000,EUR,82.6,PERC,,BMTS,BMTS,MTS,1,D2D,MTF,DBFTFN,400639
2022-06-20 09:56:02.608558,BE0000354630,Corporate bond,The Kingdom of Belgium,0.35,2032-06-22,5000000,EUR,82.6,PERC,,BMTS,BMTS,MTS,1,D2D,MTF,DBFTFN,400638
2022-06-20 09:55:49.742615,BE0000354630,Corporate bond,The Kingdom of Belgium,0.35,2032-06-22,5000000,EUR,82.62,PERC,,BMTS,BMTS,MTS,1,D2D,MTF,DBFTFN,400637
2022-06-20 09:55:48.278107,BE0000354630,Corporate bond,The Kingdom of Belgium,0.35,2032-06-22,5000000,EUR,82.63,PERC,,BMTS,BMTS,MTS,1,D2D,MTF,DBFTFN,400636
2022-06-20 09:55:46.019266,BE0000354630,Corporate bond,The Kingdom of Belgium,0.35,2032-06-22,5000000,EUR,82.62,PERC,,BMTS,BMTS,MTS,1,D2D,MTF,DBFTFN,400635
2022-06-20 09:55:43.590633,BE0000354630,Corporate bond,The Kingdom of Belgium,0.35,2032-06-22,5000000,EUR,82.62,PERC,,BMTS,BMTS,MTS,1,D2D,MTF,DBFTFN,400634
2022-06-20 09:55:18.000605,BE0000354630,Corporate bond,The Kingdom of Belgium,0.35,2032-06-22,5000000,EUR,82.61,PERC,,BMTS,BMTS,MTS,1,D2D,MTF,DBFTFN,400632
2022-06-20 09:55:13.913390,BE0000354630,Corporate bond,The Kingdom of Belgium,0.35,2032-06-22,5000000,EUR,82.61,PERC,,BMTS,BMTS,MTS,1,D2D,MTF,DBFTFN,400630
2022-06-20 09:53:38.432421,BE0000354630,Corporate bond,The Kingdom of Belgium,0.35,2032-06-22,5000000,EUR,82.6,PERC,,BMTS,BMTS,MTS,1,D2D,MTF,DBFTFN,400627
2022-06-20 09:53:31.719896,BE0000354630,Corporate bond,The Kingdom of Belgium,0.35,2032-06-22,5000000,EUR,82.59,PERC,,BMTS,BMTS,MTS,1,D2D,MTF,DBFTFN,400626
2022-06-20 09:52:19.122827,BE0000354630,Corporate bond,The Kingdom of Belgium,0.35,2032-06-22,5000000,EUR,82.52,PERC,,BMTS,BMTS,MTS,1,D2D,MTF,DBFTFN,400622
2022-06-20 09:51:56.353566,BE0000354630,Corporate bond,The Kingdom of Belgium,0.35,2032-06-22,5000000,EUR,82.54,PERC,,BMTS,BMTS,MTS,1,D2D,MTF,DBFTFN,400620
2022-06-20 09:51:51.346216,BE0000354630,Corporate bond,The Kingdom of Belgium,0.35,2032-06-22,4000000,EUR,82.54,PERC,,BMTS,BMTS,MTS,1,D2D,MTF,DBFTFN,400619
2022-06-20 09:51:46.922359,BE0000354630,Corporate bond,The Kingdom of Belgium,0.35,2032-06-22,5000000,EUR,82.54,PERC,,BMTS,BMTS,MTS,1,D2D,MTF,DBFTFN,400618
2022-06-20 09:49:02.561707,BE0000354630,Corporate bond,The Kingdom of Belgium,0.35,2032-06-22,4000000,EUR,82.6,PERC,,BMTS,BMTS,MTS,1,D2D,MTF,DBFTFN,400613
2022-06-20 09:49:00.113682,BE0000354630,Corporate bond,The Kingdom of Belgium,0.35,2032-06-22,6000000,EUR,82.6,PERC,,BMTS,BMTS,MTS,1,D2D,MTF,DBFTFN,400612
2022-06-20 09:48:43.794987,BE0000354630,Corporate bond,The Kingdom of Belgium,0.35,2032-06-22,4000000,EUR,82.61,PERC,,BMTS,BMTS,MTS,1,D2D,MTF,DBFTFN,400610
2022-06-20 09:48:41.173976,BE0000354630,Corporate bond,The Kingdom of Belgium,0.35,2032-06-22,6000000,EUR,82.61,PERC,,BMTS,BMTS,MTS,1,D2D,MTF,DBFTFN,400609
2022-06-20 09:48:32.965028,BE0000354630,Corporate bond,The Kingdom of Belgium,0.35,2032-06-22,4000000,EUR,82.6,PERC,,BMTS,BMTS,MTS,1,D2D,MTF,DBFTFN,400608
2022-06-20 09:48:30.096584,BE0000354630,Corporate bond,The Kingdom of Belgium,0.35,2032-06-22,6000000,EUR,82.6,PERC,,BMTS,BMTS,MTS,1,D2D,MTF,DBFTFN,400607
2022-06-20 09:48:27.190037,BE0000354630,Corporate bond,The Kingdom of Belgium,0.35,2032-06-22,5000000,EUR,82.61,PERC,,BMTS,BMTS,MTS,1,D2D,MTF,DBFTFN,400606
2022-06-20 09:48:18.446354,BE0000354630,Corporate bond,The Kingdom of Belgium,0.35,2032-06-22,6000000,EUR,82.62,PERC,,BMTS,BMTS,MTS,1,D2D,MTF,DBFTFN,400604
2022-06-20 09:48:16.474215,BE0000354630,Corporate bond,The Kingdom of Belgium,0.35,2032-06-22,3000000,EUR,82.63,PERC,,BMTS,BMTS,MTS,1,D2D,MTF,DBFTFN,400603
2022-06-20 09:48:14.345499,BE0000354630,Corporate bond,The Kingdom of Belgium,0.35,2032-06-22,3000000,EUR,82.64,PERC,,BMTS,BMTS,MTS,1,D2D,MTF,DBFTFN,400602
2022-06-20 09:46:21.846358,BE0000354630,Corporate bond,The Kingdom of Belgium,0.35,2032-06-22,2500000,EUR,82.6,PERC,,BMTS,BMTS,MTS,1,D2D,MTF,DBFTFN,400598
2022-06-20 09:41:14.156093,BE0000354630,Corporate bond,The Kingdom of Belgium,0.35,2032-06-22,5000000,EUR,82.76,PERC,,BMTS,BMTS,MTS,1,D2D,MTF,DBFTFN,400572
2022-06-20 09:41:11.158111,BE0000354630,Corporate bond,The Kingdom of Belgium,0.35,2032-06-22,2500000,EUR,82.76,PERC,,BMTS,BMTS,MTS,1,D2D,MTF,DBFTFN,400571
2022-06-20 09:38:43.639513,BE0000354630,Corporate bond,The Kingdom of Belgium,0.35,2032-06-22,2500000,EUR,82.77,PERC,,BMTS,BMTS,MTS,1,D2D,MTF,DBFTFN,400567
2022-06-20 09:38:40.629893,BE0000354630,Corporate bond,The Kingdom of Belgium,0.35,2032-06-22,2500000,EUR,82.77,PERC,,BMTS,BMTS,MTS,1,D2D,MTF,DBFTFN,400566
2022-06-20 09:38:36.353645,BE0000354630,Corporate bond,The Kingdom of Belgium,0.35,2032-06-22,2500000,EUR,82.77,PERC,,BMTS,BMTS,MTS,1,D2D,MTF,DBFTFN,400565
2022-06-20 09:38:32.637347,BE0000354630,Corporate bond,The Kingdom of Belgium,0.35,2032-06-22,4500000,EUR,82.77,PERC,,BMTS,BMTS,MTS,1,D2D,MTF,DBFTFN,400564
2022-06-20 09:20:53.792870,BE0000354630,Corporate bond,The Kingdom of Belgium,0.35,2032-06-22,5000000,EUR,82.76,PERC,,BMTS,BMTS,MTS,1,D2D,MTF,DBFTFN,400513
2022-06-20 09:20:53.787729,BE0000354630,Corporate bond,The Kingdom of Belgium,0.35,2032-06-22,3000000,EUR,82.75,PERC,,BMTS,BMTS,MTS,1,D2D,MTF,DBFTFN,400512
2022-06-20 09:08:43.094364,BE0000354630,Corporate bond,The Kingdom of Belgium,0.35,2032-06-22,3000000,EUR,82.75,PERC,,BMTS,BMTS,MTS,1,D2D,MTF,DBFTFN,400439
2022-06-20 08:55:07.408118,BE0000354630,Corporate bond,The Kingdom of Belgium,0.35,2032-06-22,5000000,EUR,82.79,PERC,,BMTS,BMTS,MTS,1,D2D,MTF,DBFTFN,400399
2022-06-20 08:51:19.383855,BE0000354630,Corporate bond,The Kingdom of Belgium,0.35,2032-06-22,5000000,EUR,82.73,PERC,,BMTS,BMTS,MTS,1,D2D,MTF,DBFTFN,400377
2022-06-20 08:51:01.420500,BE0000354630,Corporate bond,The Kingdom of Belgium,0.35,2032-06-22,5000000,EUR,82.75,PERC,,BMTS,BMTS,MTS,1,D2D,MTF,DBFTFN,400376
2022-06-20 08:51:01.397971,BE0000354630,Corporate bond,The Kingdom of Belgium,0.35,2032-06-22,3000000,EUR,82.75,PERC,,BMTS,BMTS,MTS,1,D2D,MTF,DBFTFN,400375
2022-06-17 08:44:31.784334,BE0000354630,Corporate bond,The Kingdom of Belgium,0.35,2032-06-22,5000000,EUR,82.86,PERC,,BMTS,BMTS,MTS,1,D2D,MTF,DBFTFN,400338
2022-06-14 14:25:55.316920,BE0000354630,Corporate bond,The Kingdom of Belgium,0.35,2032-06-22,5000000,EUR,82,PERC,,BMTS,BMTS,MTS,1,D2D,MTF,DBFTFN,402677
2022-06-14 14:25:55.308774,BE0000354630,Corporate bond,The Kingdom of Belgium,0.35,2032-06-22,5000000,EUR,82,PERC,,BMTS,BMTS,MTS,1,D2D,MTF,DBFTFN,402676
2022-06-14 14:25:55.297238,BE0000354630,Corporate bond,The Kingdom of Belgium,0.35,2032-06-22,5000000,EUR,82,PERC,,BMTS,BMTS,MTS,1,D2D,MTF,DBFTFN,402675
2022-06-13 12:25:14.343657,BE0000354630,Corporate bond,The Kingdom of Belgium,0.35,2032-06-22,5000000,EUR,82.85,PERC,,BMTS,BMTS,MTS,1,D2D,MTF,DBFTFN,401813
2022-06-13 12:24:34.023118,BE0000354630,Corporate bond,The Kingdom of Belgium,0.35,2032-06-22,5000000,EUR,82.83,PERC,,BMTS,BMTS,MTS,1,D2D,MTF,DBFTFN,401811
2022-06-13 12:24:34.011958,BE0000354630,Corporate bond,The Kingdom of Belgium,0.35,2032-06-22,5000000,EUR,82.83,PERC,,BMTS,BMTS,MTS,1,D2D,MTF,DBFTFN,401810
2022-06-13 12:24:25.882643,BE0000354630,Corporate bond,The Kingdom of Belgium,0.35,2032-06-22,25000000,EUR,82.83,PERC,,BMTS,BMTS,MTS,1,D2D,MTF,DBFTFN,401809
2022-06-13 12:23:50.704935,BE0000354630,Corporate bond,The Kingdom of Belgium,0.35,2032-06-22,5000000,EUR,82.83,PERC,,BMTS,BMTS,MTS,1,D2D,MTF,DBFTFN,401808
2022-06-13 12:23:14.370629,BE0000354630,Corporate bond,The Kingdom of Belgium,0.35,2032-06-22,5000000,EUR,82.82,PERC,,BMTS,BMTS,MTS,1,D2D,MTF,DBFTFN,401795
2022-06-13 12:22:50.326136,BE0000354630,Corporate bond,The Kingdom of Belgium,0.35,2032-06-22,5000000,EUR,82.8,PERC,,BMTS,BMTS,MTS,1,D2D,MTF,DBFTFN,401790
2022-06-13 12:22:50.321409,BE0000354630,Corporate bond,The Kingdom of Belgium,0.35,2032-06-22,5000000,EUR,82.8,PERC,,BMTS,BMTS,MTS,1,D2D,MTF,DBFTFN,401789
2022-06-13 12:22:50.316658,BE0000354630,Corporate bond,The Kingdom of Belgium,0.35,2032-06-22,5000000,EUR,82.81,PERC,,BMTS,BMTS,MTS,1,D2D,MTF,DBFTFN,401788
2022-06-13 12:22:50.310080,BE0000354630,Corporate bond,The Kingdom of Belgium,0.35,2032-06-22,5000000,EUR,82.81,PERC,,BMTS,BMTS,MTS,1,D2D,MTF,DBFTFN,401787
2022-06-13 12:05:44.081773,BE0000354630,Corporate bond,The Kingdom of Belgium,0.35,2032-06-22,5000000,EUR,82.77,PERC,,BMTS,BMTS,MTS,1,D2D,MTF,DBFTFN,401723
2022-06-13 12:05:32.316095,BE0000354630,Corporate bond,The Kingdom of Belgium,0.35,2032-06-22,5000000,EUR,82.79,PERC,,BMTS,BMTS,MTS,1,D2D,MTF,DBFTFN,401722
2022-06-13 10:46:04.568973,BE0000354630,Corporate bond,The Kingdom of Belgium,0.35,2032-06-22,5000000,EUR,83.06,PERC,,BMTS,BMTS,MTS,1,D2D,MTF,DBFTFN,401397
2022-06-13 10:37:59.870107,BE0000354630,Corporate bond,The Kingdom of Belgium,0.35,2032-06-22,5000000,EUR,83.08,PERC,,BMTS,BMTS,MTS,1,D2D,MTF,DBFTFN,401354
2022-06-13 08:18:34.766591,BE0000354630,Corporate bond,The Kingdom of Belgium,0.35,2032-06-22,5000000,EUR,83.47,PERC,,BMTS,BMTS,MTS,1,D2D,MTF,DBFTFN,400459
2022-06-10 13:28:07.529170,BE0000354630,Corporate bond,The Kingdom of Belgium,0.35,2032-06-22,5000000,EUR,84.39,PERC,,BMTS,BMTS,MTS,1,D2D,MTF,DBFTFN,402059
2022-06-10 11:13:53.193566,BE0000354630,Corporate bond,The Kingdom of Belgium,0.35,2032-06-22,5000000,EUR,84.79,PERC,,BMTS,BMTS,MTS,1,D2D,MTF,DBFTFN,401546
2022-06-10 11:13:53.187032,BE0000354630,Corporate bond,The Kingdom of Belgium,0.35,2032-06-22,10000000,EUR,84.79,PERC,,BMTS,BMTS,MTS,1,D2D,MTF,DBFTFN,401545
2022-06-10 11:13:53.180928,BE0000354630,Corporate bond,The Kingdom of Belgium,0.35,2032-06-22,5000000,EUR,84.78,PERC,,BMTS,BMTS,MTS,1,D2D,MTF,DBFTFN,401544
2022-06-10 11:13:53.175696,BE0000354630,Corporate bond,The Kingdom of Belgium,0.35,2032-06-22,5000000,EUR,84.77,PERC,,BMTS,BMTS,MTS,1,D2D,MTF,DBFTFN,401543
2022-06-10 11:13:53.167430,BE0000354630,Corporate bond,The Kingdom of Belgium,0.35,2032-06-22,5000000,EUR,84.76,PERC,,BMTS,BMTS,MTS,1,D2D,MTF,DBFTFN,401542
2022-06-10 10:38:05.642380,BE0000354630,Corporate bond,The Kingdom of Belgium,0.35,2032-06-22,5000000,EUR,84.74,PERC,,BMTS,BMTS,MTS,1,D2D,MTF,DBFTFN,401383
2022-06-10 10:36:44.748337,BE0000354630,Corporate bond,The Kingdom of Belgium,0.35,2032-06-22,10000000,EUR,84.75,PERC,,BMTS,BMTS,MTS,1,D2D,MTF,DBFTFN,401376
2022-06-10 10:36:44.744157,BE0000354630,Corporate bond,The Kingdom of Belgium,0.35,2032-06-22,5000000,EUR,84.75,PERC,,BMTS,BMTS,MTS,1,D2D,MTF,DBFTFN,401375
2022-06-10 10:36:44.738256,BE0000354630,Corporate bond,The Kingdom of Belgium,0.35,2032-06-22,5000000,EUR,84.73,PERC,,BMTS,BMTS,MTS,1,D2D,MTF,DBFTFN,401374
2022-06-10 08:00:50.005100,BE0000354630,Corporate bond,The Kingdom of Belgium,0.35,2032-06-22,5000000,EUR,84.68,PERC,,BMTS,BMTS,MTS,1,D2D,MTF,DBFTFN,400422
2022-06-10 08:00:49.999141,BE0000354630,Corporate bond,The Kingdom of Belgium,0.35,2032-06-22,5000000,EUR,84.68,PERC,,BMTS,BMTS,MTS,1,D2D,MTF,DBFTFN,400421
2022-06-10 08:00:49.995260,BE0000354630,Corporate bond,The Kingdom of Belgium,0.35,2032-06-22,5000000,EUR,84.67,PERC,,BMTS,BMTS,MTS,1,D2D,MTF,DBFTFN,400420
2022-06-10 08:00:49.987635,BE0000354630,Corporate bond,The Kingdom of Belgium,0.35,2032-06-22,5000000,EUR,84.67,PERC,,BMTS,BMTS,MTS,1,D2D,MTF,DBFTFN,400419
2022-06-10 08:00:49.981609,BE0000354630,Corporate bond,The Kingdom of Belgium,0.35,2032-06-22,5000000,EUR,84.67,PERC,,BMTS,BMTS,MTS,1,D2D,MTF,DBFTFN,400418
2022-06-10 07:49:22.935956,BE0000354630,Corporate bond,The Kingdom of Belgium,0.35,2032-06-22,5000000,EUR,84.67,PERC,,BMTS,BMTS,MTS,1,D2D,MTF,DBFTFN,400338
2022-06-10 07:48:44.878432,BE0000354630,Corporate bond,The Kingdom of Belgium,0.35,2032-06-22,5000000,EUR,84.71,PERC,,BMTS,BMTS,MTS,1,D2D,MTF,DBFTFN,400337
2022-06-10 07:48:44.873915,BE0000354630,Corporate bond,The Kingdom of Belgium,0.35,2032-06-22,5000000,EUR,84.69,PERC,,BMTS,BMTS,MTS,1,D2D,MTF,DBFTFN,400336
2022-06-10 07:48:44.869540,BE0000354630,Corporate bond,The Kingdom of Belgium,0.35,2032-06-22,10000000,EUR,84.68,PERC,,BMTS,BMTS,MTS,1,D2D,MTF,DBFTFN,400335
2022-06-10 07:48:44.865379,BE0000354630,Corporate bond,The Kingdom of Belgium,0.35,2032-06-22,5000000,EUR,84.67,PERC,,BMTS,BMTS,MTS,1,D2D,MTF,DBFTFN,400334
2022-06-10 07:48:44.860054,BE0000354630,Corporate bond,The Kingdom of Belgium,0.35,2032-06-22,5000000,EUR,84.67,PERC,,BMTS,BMTS,MTS,1,D2D,MTF,DBFTFN,400333
2022-06-10 07:48:44.855952,BE0000354630,Corporate bond,The Kingdom of Belgium,0.35,2032-06-22,5000000,EUR,84.66,PERC,,BMTS,BMTS,MTS,1,D2D,MTF,DBFTFN,400332
2022-06-09 15:05:07.151427,BE0000354630,Corporate bond,The Kingdom of Belgium,0.35,2032-06-22,5000000,EUR,84.79,PERC,,BMTS,BMTS,MTS,1,D2D,MTF,DBFTFN,402303
2022-06-09 15:05:07.133398,BE0000354630,Corporate bond,The Kingdom of Belgium,0.35,2032-06-22,5000000,EUR,84.79,PERC,,BMTS,BMTS,MTS,1,D2D,MTF,DBFTFN,402302
2022-06-09 14:57:58.671898,BE0000354630,Corporate bond,The Kingdom of Belgium,0.35,2032-06-22,4000000,EUR,84.71,PERC,,BMTS,BMTS,MTS,1,D2D,MTF,DBFTFN,402248
2022-06-09 11:03:34.826523,BE0000354630,Corporate bond,The Kingdom of Belgium,0.35,2032-06-22,5000000,EUR,85.67,PERC,,BMTS,BMTS,MTS,1,D2D,MTF,DBFTFN,401483
2022-06-09 11:03:34.812261,BE0000354630,Corporate bond,The Kingdom of Belgium,0.35,2032-06-22,10000000,EUR,85.67,PERC,,BMTS,BMTS,MTS,1,D2D,MTF,DBFTFN,401480
2022-06-09 11:03:34.782683,BE0000354630,Corporate bond,The Kingdom of Belgium,0.35,2032-06-22,5000000,EUR,85.67,PERC,,BMTS,BMTS,MTS,1,D2D,MTF,DBFTFN,401474
2022-06-09 11:03:34.763143,BE0000354630,Corporate bond,The Kingdom of Belgium,0.35,2032-06-22,5000000,EUR,85.67,PERC,,BMTS,BMTS,MTS,1,D2D,MTF,DBFTFN,401469
2022-06-09 11:03:34.701546,BE0000354630,Corporate bond,The Kingdom of Belgium,0.35,2032-06-22,5000000,EUR,85.67,PERC,,BMTS,BMTS,MTS,1,D2D,MTF,DBFTFN,401453
2022-06-09 11:03:34.682346,BE0000354630,Corporate bond,The Kingdom of Belgium,0.35,2032-06-22,5000000,EUR,85.65,PERC,,BMTS,BMTS,MTS,1,D2D,MTF,DBFTFN,401448
2022-06-09 09:32:50.408556,BE0000354630,Corporate bond,The Kingdom of Belgium,0.35,2032-06-22,5000000,EUR,85.54,PERC,,BMTS,BMTS,MTS,1,D2D,MTF,DBFTFN,400805
2022-06-09 09:32:50.400590,BE0000354630,Corporate bond,The Kingdom of Belgium,0.35,2032-06-22,10000000,EUR,85.54,PERC,,BMTS,BMTS,MTS,1,D2D,MTF,DBFTFN,400804
2022-06-09 09:15:11.600233,BE0000354630,Corporate bond,The Kingdom of Belgium,0.35,2032-06-22,5000000,EUR,85.62,PERC,,BMTS,BMTS,MTS,1,D2D,MTF,DBFTFN,400728
2022-06-09 08:46:10.986760,BE0000354630,Corporate bond,The Kingdom of Belgium,0.35,2032-06-22,5000000,EUR,85.47,PERC,,BMTS,BMTS,MTS,1,D2D,MTF,DBFTFN,400507
2022-06-09 08:46:03.789847,BE0000354630,Corporate bond,The Kingdom of Belgium,0.35,2032-06-22,10000000,EUR,85.47,PERC,,BMTS,BMTS,MTS,1,D2D,MTF,DBFTFN,400506
2022-06-09 07:55:33.429806,BE0000354630,Corporate bond,The Kingdom of Belgium,0.35,2032-06-22,5000000,EUR,85.6,PERC,,BMTS,BMTS,MTS,1,D2D,MTF,DBFTFN,400306
2022-06-09 07:55:33.408926,BE0000354630,Corporate bond,The Kingdom of Belgium,0.35,2032-06-22,5000000,EUR,85.6,PERC,,BMTS,BMTS,MTS,1,D2D,MTF,DBFTFN,400305
2022-06-08 13:51:02.973760,BE0000354630,Corporate bond,The Kingdom of Belgium,0.35,2032-06-22,5000000,EUR,85.45,PERC,,BMTS,BMTS,MTS,1,D2D,MTF,DBFTFN,402583
2022-06-08 13:39:50.474394,BE0000354630,Corporate bond,The Kingdom of Belgium,0.35,2032-06-22,5000000,EUR,85.52,PERC,,BMTS,BMTS,MTS,1,D2D,MTF,DBFTFN,402553
2022-06-08 13:36:23.597036,BE0000354630,Corporate bond,The Kingdom of Belgium,0.35,2032-06-22,5000000,EUR,85.53,PERC,,BMTS,BMTS,MTS,1,D2D,MTF,DBFTFN,402526
2022-06-08 13:36:23.585781,BE0000354630,Corporate bond,The Kingdom of Belgium,0.35,2032-06-22,5000000,EUR,85.52,PERC,,BMTS,BMTS,MTS,1,D2D,MTF,DBFTFN,402523
2022-06-08 13:36:23.574491,BE0000354630,Corporate bond,The Kingdom of Belgium,0.35,2032-06-22,5000000,EUR,85.52,PERC,,BMTS,BMTS,MTS,1,D2D,MTF,DBFTFN,402520
2022-06-08 13:36:23.562759,BE0000354630,Corporate bond,The Kingdom of Belgium,0.35,2032-06-22,5000000,EUR,85.51,PERC,,BMTS,BMTS,MTS,1,D2D,MTF,DBFTFN,402518
2022-06-08 13:36:23.551030,BE0000354630,Corporate bond,The Kingdom of Belgium,0.35,2032-06-22,5000000,EUR,85.51,PERC,,BMTS,BMTS,MTS,1,D2D,MTF,DBFTFN,402515
2022-06-08 13:36:23.536268,BE0000354630,Corporate bond,The Kingdom of Belgium,0.35,2032-06-22,5000000,EUR,85.51,PERC,,BMTS,BMTS,MTS,1,D2D,MTF,DBFTFN,402512
2022-06-08 13:36:23.512028,BE0000354630,Corporate bond,The Kingdom of Belgium,0.35,2032-06-22,10000000,EUR,85.5,PERC,,BMTS,BMTS,MTS,1,D2D,MTF,DBFTFN,402508
2022-06-08 13:36:23.499751,BE0000354630,Corporate bond,The Kingdom of Belgium,0.35,2032-06-22,5000000,EUR,85.49,PERC,,BMTS,BMTS,MTS,1,D2D,MTF,DBFTFN,402504
2022-06-08 13:36:23.486688,BE0000354630,Corporate bond,The Kingdom of Belgium,0.35,2032-06-22,5000000,EUR,85.48,PERC,,BMTS,BMTS,MTS,1,D2D,MTF,DBFTFN,402501
2022-06-08 13:36:23.473347,BE0000354630,Corporate bond,The Kingdom of Belgium,0.35,2032-06-22,10000000,EUR,85.48,PERC,,BMTS,BMTS,MTS,1,D2D,MTF,DBFTFN,402498
2022-06-06 14:02:20.321133,BE0000354630,Corporate bond,The Kingdom of Belgium,0.35,2032-06-22,5000000,EUR,85.94,PERC,,BMTS,BMTS,MTS,1,D2D,MTF,DBFTFN,402306
2022-06-06 14:02:20.308021,BE0000354630,Corporate bond,The Kingdom of Belgium,0.35,2032-06-22,5000000,EUR,85.95,PERC,,BMTS,BMTS,MTS,1,D2D,MTF,DBFTFN,402305
2022-06-06 14:02:20.294781,BE0000354630,Corporate bond,The Kingdom of Belgium,0.35,2032-06-22,5000000,EUR,85.96,PERC,,BMTS,BMTS,MTS,1,D2D,MTF,DBFTFN,402304
2022-06-06 14:02:20.281634,BE0000354630,Corporate bond,The Kingdom of Belgium,0.35,2032-06-22,5000000,EUR,85.96,PERC,,BMTS,BMTS,MTS,1,D2D,MTF,DBFTFN,402303
2022-06-06 14:02:20.264348,BE0000354630,Corporate bond,The Kingdom of Belgium,0.35,2032-06-22,5000000,EUR,85.96,PERC,,BMTS,BMTS,MTS,1,D2D,MTF,DBFTFN,402302
2022-06-06 14:02:20.248657,BE0000354630,Corporate bond,The Kingdom of Belgium,0.35,2032-06-22,5000000,EUR,85.96,PERC,,BMTS,BMTS,MTS,1,D2D,MTF,DBFTFN,402301
2022-06-06 14:02:20.235749,BE0000354630,Corporate bond,The Kingdom of Belgium,0.35,2032-06-22,5000000,EUR,85.96,PERC,,BMTS,BMTS,MTS,1,D2D,MTF,DBFTFN,402300
2022-06-06 13:37:14.898606,BE0000354630,Corporate bond,The Kingdom of Belgium,0.35,2032-06-22,2500000,EUR,86.12,PERC,,BMTS,BMTS,MTS,1,D2D,MTF,DBFTFN,402125
2022-06-06 09:36:46.241966,BE0000354630,Corporate bond,The Kingdom of Belgium,0.35,2032-06-22,5000000,EUR,86.02,PERC,,BMTS,BMTS,MTS,1,D2D,MTF,DBFTFN,400773
2022-06-06 09:36:43.073598,BE0000354630,Corporate bond,The Kingdom of Belgium,0.35,2032-06-22,5000000,EUR,86.01,PERC,,BMTS,BMTS,MTS,1,D2D,MTF,DBFTFN,400772
2022-06-06 09:36:30.159104,BE0000354630,Corporate bond,The Kingdom of Belgium,0.35,2032-06-22,3000000,EUR,86,PERC,,BMTS,BMTS,MTS,1,D2D,MTF,DBFTFN,400771
2022-06-06 09:34:16.290625,BE0000354630,Corporate bond,The Kingdom of Belgium,0.35,2032-06-22,3000000,EUR,86,PERC,,BMTS,BMTS,MTS,1,D2D,MTF,DBFTFN,400754
2022-06-06 09:34:08.367254,BE0000354630,Corporate bond,The Kingdom of Belgium,0.35,2032-06-22,3000000,EUR,86,PERC,,BMTS,BMTS,MTS,1,D2D,MTF,DBFTFN,400747
2022-06-06 09:26:57.265814,BE0000354630,Corporate bond,The Kingdom of Belgium,0.35,2032-06-22,5000000,EUR,85.95,PERC,,BMTS,BMTS,MTS,1,D2D,MTF,DBFTFN,400603
2022-06-06 09:26:39.681487,BE0000354630,Corporate bond,The Kingdom of Belgium,0.35,2032-06-22,5000000,EUR,85.94,PERC,,BMTS,BMTS,MTS,1,D2D,MTF,DBFTFN,400600
2022-06-06 09:24:32.388002,BE0000354630,Corporate bond,The Kingdom of Belgium,0.35,2032-06-22,5000000,EUR,85.96,PERC,,BMTS,BMTS,MTS,1,D2D,MTF,DBFTFN,400586
2022-06-06 09:24:22.384688,BE0000354630,Corporate bond,The Kingdom of Belgium,0.35,2032-06-22,5000000,EUR,85.97,PERC,,BMTS,BMTS,MTS,1,D2D,MTF,DBFTFN,400584
2022-06-03 14:16:27.558244,BE0000354630,Corporate bond,The Kingdom of Belgium,0.35,2032-06-22,5000000,EUR,86.14,PERC,,BMTS,BMTS,MTS,1,D2D,MTF,DBFTFN,401592
2022-06-03 14:16:27.550174,BE0000354630,Corporate bond,The Kingdom of Belgium,0.35,2032-06-22,5000000,EUR,86.14,PERC,,BMTS,BMTS,MTS,1,D2D,MTF,DBFTFN,401591
2022-06-02 14:20:04.045963,BE0000354630,Corporate bond,The Kingdom of Belgium,0.35,2032-06-22,3000000,EUR,86.47,PERC,,BMTS,BMTS,MTS,1,D2D,MTF,DBFTFN,402332
2022-06-02 12:15:01.174118,BE0000354630,Corporate bond,The Kingdom of Belgium,0.35,2032-06-22,5000000,EUR,86.82,PERC,,BMTS,BMTS,MTS,1,D2D,MTF,DBFTFN,401952
2022-06-02 10:15:33.374543,BE0000354630,Corporate bond,The Kingdom of Belgium,0.35,2032-06-22,5000000,EUR,86.6,PERC,,BMTS,BMTS,MTS,1,D2D,MTF,DBFTFN,401300
2022-06-02 10:15:13.661193,BE0000354630,Corporate bond,The Kingdom of Belgium,0.35,2032-06-22,5000000,EUR,86.6,PERC,,BMTS,BMTS,MTS,1,D2D,MTF,DBFTFN,401299
2022-06-02 10:15:13.628269,BE0000354630,Corporate bond,The Kingdom of Belgium,0.35,2032-06-22,10000000,EUR,86.61,PERC,,BMTS,BMTS,MTS,1,D2D,MTF,DBFTFN,401298
2022-06-02 10:15:13.614978,BE0000354630,Corporate bond,The Kingdom of Belgium,0.35,2032-06-22,5000000,EUR,86.61,PERC,,BMTS,BMTS,MTS,1,D2D,MTF,DBFTFN,401297
2022-06-02 10:15:13.603473,BE0000354630,Corporate bond,The Kingdom of Belgium,0.35,2032-06-22,5000000,EUR,86.62,PERC,,BMTS,BMTS,MTS,1,D2D,MTF,DBFTFN,401296
2022-06-02 10:15:13.582754,BE0000354630,Corporate bond,The Kingdom of Belgium,0.35,2032-06-22,5000000,EUR,86.62,PERC,,BMTS,BMTS,MTS,1,D2D,MTF,DBFTFN,401295
2022-06-02 10:15:13.571950,BE0000354630,Corporate bond,The Kingdom of Belgium,0.35,2032-06-22,5000000,EUR,86.62,PERC,,BMTS,BMTS,MTS,1,D2D,MTF,DBFTFN,401294
2022-06-02 10:15:13.556620,BE0000354630,Corporate bond,The Kingdom of Belgium,0.35,2032-06-22,5000000,EUR,86.62,PERC,,BMTS,BMTS,MTS,1,D2D,MTF,DBFTFN,401293
2022-06-02 10:15:13.543744,BE0000354630,Corporate bond,The Kingdom of Belgium,0.35,2032-06-22,5000000,EUR,86.62,PERC,,BMTS,BMTS,MTS,1,D2D,MTF,DBFTFN,401292
2022-06-02 10:15:13.527206,BE0000354630,Corporate bond,The Kingdom of Belgium,0.35,2032-06-22,5000000,EUR,86.62,PERC,,BMTS,BMTS,MTS,1,D2D,MTF,DBFTFN,401291
2022-06-02 10:15:13.509510,BE0000354630,Corporate bond,The Kingdom of Belgium,0.35,2032-06-22,5000000,EUR,86.63,PERC,,BMTS,BMTS,MTS,1,D2D,MTF,DBFTFN,401290
2022-06-02 10:15:13.480828,BE0000354630,Corporate bond,The Kingdom of Belgium,0.35,2032-06-22,5000000,EUR,86.63,PERC,,BMTS,BMTS,MTS,1,D2D,MTF,DBFTFN,401289
2022-06-01 14:00:00.107796,BE0000354630,Corporate bond,The Kingdom of Belgium,0.35,2032-06-22,3000000,EUR,87.47,PERC,,BMTS,BMTS,MTS,1,D2D,MTF,DBFTFN,402552
2022-06-01 10:14:21.452584,BE0000354630,Corporate bond,The Kingdom of Belgium,0.35,2032-06-22,5000000,EUR,87.51,PERC,,BMTS,BMTS,MTS,1,D2D,MTF,DBFTFN,401191
2022-06-01 10:14:21.438034,BE0000354630,Corporate bond,The Kingdom of Belgium,0.35,2032-06-22,5000000,EUR,87.51,PERC,,BMTS,BMTS,MTS,1,D2D,MTF,DBFTFN,401190
2022-05-31 15:10:24.957596,BE0000354630,Corporate bond,The Kingdom of Belgium,0.35,2032-06-22,5000000,EUR,87.46,PERC,,BMTS,BMTS,MTS,1,D2D,MTF,DBFTFN,403333
2022-05-31 14:51:58.349992,BE0000354630,Corporate bond,The Kingdom of Belgium,0.35,2032-06-22,4000000,EUR,87.52,PERC,,BMTS,BMTS,MTS,1,D2D,MTF,DBFTFN,403179
2022-05-31 13:17:36.981082,BE0000354630,Corporate bond,The Kingdom of Belgium,0.35,2032-06-22,5000000,EUR,87.54,PERC,,BMTS,BMTS,MTS,1,D2D,MTF,DBFTFN,402509
2022-05-31 13:12:01.185152,BE0000354630,Corporate bond,The Kingdom of Belgium,0.35,2032-06-22,5000000,EUR,87.49,PERC,,BMTS,BMTS,MTS,1,D2D,MTF,DBFTFN,402369
2022-05-31 13:12:01.168961,BE0000354630,Corporate bond,The Kingdom of Belgium,0.35,2032-06-22,5000000,EUR,87.5,PERC,,BMTS,BMTS,MTS,1,D2D,MTF,DBFTFN,402368
2022-05-31 13:04:47.664858,BE0000354630,Corporate bond,The Kingdom of Belgium,0.35,2032-06-22,5000000,EUR,87.48,PERC,,BMTS,BMTS,MTS,1,D2D,MTF,DBFTFN,402273
2022-05-27 11:02:25.925972,BE0000354630,Corporate bond,The Kingdom of Belgium,0.35,2032-06-22,5000000,EUR,88.93,PERC,,BMTS,BMTS,MTS,1,D2D,MTF,DBFTFN,401131
2022-05-27 08:03:01.779607,BE0000354630,Corporate bond,The Kingdom of Belgium,0.35,2032-06-22,4500000,EUR,88.71,PERC,,BMTS,BMTS,MTS,1,D2D,MTF,DBFTFN,400246
2022-05-24 14:24:20.412032,BE0000354630,Corporate bond,The Kingdom of Belgium,0.35,2032-06-22,5000000,EUR,88.71,PERC,,BMTS,BMTS,MTS,1,D2D,MTF,DBFTFN,402704
2022-05-24 14:24:20.369669,BE0000354630,Corporate bond,The Kingdom of Belgium,0.35,2032-06-22,5000000,EUR,88.72,PERC,,BMTS,BMTS,MTS,1,D2D,MTF,DBFTFN,402699
2022-05-24 14:24:20.346995,BE0000354630,Corporate bond,The Kingdom of Belgium,0.35,2032-06-22,5000000,EUR,88.74,PERC,,BMTS,BMTS,MTS,1,D2D,MTF,DBFTFN,402695
2022-05-24 14:24:20.312406,BE0000354630,Corporate bond,The Kingdom of Belgium,0.35,2032-06-22,5000000,EUR,88.74,PERC,,BMTS,BMTS,MTS,1,D2D,MTF,DBFTFN,402691
2022-05-24 14:24:20.293841,BE0000354630,Corporate bond,The Kingdom of Belgium,0.35,2032-06-22,5000000,EUR,88.75,PERC,,BMTS,BMTS,MTS,1,D2D,MTF,DBFTFN,402688
2022-05-24 14:24:20.273018,BE0000354630,Corporate bond,The Kingdom of Belgium,0.35,2032-06-22,5000000,EUR,88.76,PERC,,BMTS,BMTS,MTS,1,D2D,MTF,DBFTFN,402685
2022-05-24 14:24:20.253608,BE0000354630,Corporate bond,The Kingdom of Belgium,0.35,2032-06-22,5000000,EUR,88.76,PERC,,BMTS,BMTS,MTS,1,D2D,MTF,DBFTFN,402682
2022-05-24 14:24:20.209337,BE0000354630,Corporate bond,The Kingdom of Belgium,0.35,2032-06-22,5000000,EUR,88.76,PERC,,BMTS,BMTS,MTS,1,D2D,MTF,DBFTFN,402678
2022-05-24 14:24:20.196403,BE0000354630,Corporate bond,The Kingdom of Belgium,0.35,2032-06-22,5000000,EUR,88.76,PERC,,BMTS,BMTS,MTS,1,D2D,MTF,DBFTFN,402673
2022-05-24 11:37:56.644230,BE0000354630,Corporate bond,The Kingdom of Belgium,0.35,2032-06-22,5000000,EUR,88.44,PERC,,BMTS,BMTS,MTS,1,D2D,MTF,DBFTFN,401636
2022-05-24 10:19:47.003744,BE0000354630,Corporate bond,The Kingdom of Belgium,0.35,2032-06-22,5000000,EUR,88.46,PERC,,BMTS,BMTS,MTS,1,D2D,MTF,DBFTFN,401205
2022-05-24 10:19:46.997146,BE0000354630,Corporate bond,The Kingdom of Belgium,0.35,2032-06-22,5000000,EUR,88.46,PERC,,BMTS,BMTS,MTS,1,D2D,MTF,DBFTFN,401204
2022-05-24 10:19:46.989750,BE0000354630,Corporate bond,The Kingdom of Belgium,0.35,2032-06-22,5000000,EUR,88.46,PERC,,BMTS,BMTS,MTS,1,D2D,MTF,DBFTFN,401203
2022-05-24 10:19:46.977040,BE0000354630,Corporate bond,The Kingdom of Belgium,0.35,2032-06-22,5000000,EUR,88.46,PERC,,BMTS,BMTS,MTS,1,D2D,MTF,DBFTFN,401202
2022-05-24 09:43:49.707332,BE0000354630,Corporate bond,The Kingdom of Belgium,0.35,2032-06-22,5000000,EUR,88.57,PERC,,BMTS,BMTS,MTS,1,D2D,MTF,DBFTFN,401031
2022-05-24 09:43:49.699515,BE0000354630,Corporate bond,The Kingdom of Belgium,0.35,2032-06-22,10000000,EUR,88.57,PERC,,BMTS,BMTS,MTS,1,D2D,MTF,DBFTFN,401030
2022-05-24 08:29:34.771982,BE0000354630,Corporate bond,The Kingdom of Belgium,0.35,2032-06-22,5000000,EUR,88.47,PERC,,BMTS,BMTS,MTS,1,D2D,MTF,DBFTFN,400554
2022-05-24 08:28:05.052090,BE0000354630,Corporate bond,The Kingdom of Belgium,0.35,2032-06-22,5000000,EUR,88.47,PERC,,BMTS,BMTS,MTS,1,D2D,MTF,DBFTFN,400548
2022-05-24 08:14:55.772762,BE0000354630,Corporate bond,The Kingdom of Belgium,0.35,2032-06-22,5000000,EUR,88.55,PERC,,BMTS,BMTS,MTS,1,D2D,MTF,DBFTFN,400400
2022-05-23 10:09:33.300667,BE0000354630,Corporate bond,The Kingdom of Belgium,0.35,2032-06-22,5000000,EUR,88.61,PERC,,BMTS,BMTS,MTS,1,D2D,MTF,DBFTFN,400941
2022-05-23 09:40:37.065145,BE0000354630,Corporate bond,The Kingdom of Belgium,0.35,2032-06-22,5000000,EUR,88.57,PERC,,BMTS,BMTS,MTS,1,D2D,MTF,DBFTFN,400753
2022-05-23 09:37:05.272100,BE0000354630,Corporate bond,The Kingdom of Belgium,0.35,2032-06-22,3000000,EUR,88.56,PERC,,BMTS,BMTS,MTS,1,D2D,MTF,DBFTFN,400722
2022-05-18 14:46:07.394059,BE0000354630,Corporate bond,The Kingdom of Belgium,0.35,2032-06-22,3500000,EUR,88.57,PERC,,BMTS,BMTS,MTS,1,D2D,MTF,DBFTFN,403070
2022-05-18 12:34:51.028493,BE0000354630,Corporate bond,The Kingdom of Belgium,0.35,2032-06-22,5000000,EUR,88.03,PERC,,BMTS,BMTS,MTS,1,D2D,MTF,DBFTFN,402081
2022-05-18 12:34:51.015785,BE0000354630,Corporate bond,The Kingdom of Belgium,0.35,2032-06-22,5000000,EUR,88.03,PERC,,BMTS,BMTS,MTS,1,D2D,MTF,DBFTFN,402080
2022-05-18 12:34:50.997194,BE0000354630,Corporate bond,The Kingdom of Belgium,0.35,2032-06-22,5000000,EUR,88.03,PERC,,BMTS,BMTS,MTS,1,D2D,MTF,DBFTFN,402079
2022-05-18 12:34:50.985724,BE0000354630,Corporate bond,The Kingdom of Belgium,0.35,2032-06-22,5000000,EUR,88.03,PERC,,BMTS,BMTS,MTS,1,D2D,MTF,DBFTFN,402078
2022-05-18 12:34:50.978354,BE0000354630,Corporate bond,The Kingdom of Belgium,0.35,2032-06-22,5000000,EUR,88.03,PERC,,BMTS,BMTS,MTS,1,D2D,MTF,DBFTFN,402077
2022-05-18 12:34:50.970322,BE0000354630,Corporate bond,The Kingdom of Belgium,0.35,2032-06-22,5000000,EUR,88.03,PERC,,BMTS,BMTS,MTS,1,D2D,MTF,DBFTFN,402076
2022-05-18 12:02:20.708009,BE0000354630,Corporate bond,The Kingdom of Belgium,0.35,2032-06-22,5000000,EUR,88.07,PERC,,BMTS,BMTS,MTS,1,D2D,MTF,DBFTFN,401905
2022-05-18 12:02:20.692067,BE0000354630,Corporate bond,The Kingdom of Belgium,0.35,2032-06-22,5000000,EUR,88.07,PERC,,BMTS,BMTS,MTS,1,D2D,MTF,DBFTFN,401904
2022-05-17 14:20:15.324909,BE0000354630,Corporate bond,The Kingdom of Belgium,0.35,2032-06-22,5000000,EUR,88.3,PERC,,BMTS,BMTS,MTS,1,D2D,MTF,DBFTFN,403192
2022-05-17 13:29:56.787696,BE0000354630,Corporate bond,The Kingdom of Belgium,0.35,2032-06-22,5000000,EUR,88.28,PERC,,BMTS,BMTS,MTS,1,D2D,MTF,DBFTFN,402805
2022-05-17 13:29:56.771868,BE0000354630,Corporate bond,The Kingdom of Belgium,0.35,2032-06-22,5000000,EUR,88.28,PERC,,BMTS,BMTS,MTS,1,D2D,MTF,DBFTFN,402804
2022-05-17 13:29:56.756103,BE0000354630,Corporate bond,The Kingdom of Belgium,0.35,2032-06-22,5000000,EUR,88.28,PERC,,BMTS,BMTS,MTS,1,D2D,MTF,DBFTFN,402803
2022-05-17 13:29:56.738364,BE0000354630,Corporate bond,The Kingdom of Belgium,0.35,2032-06-22,5000000,EUR,88.26,PERC,,BMTS,BMTS,MTS,1,D2D,MTF,DBFTFN,402802
2022-05-17 10:16:25.537624,BE0000354630,Corporate bond,The Kingdom of Belgium,0.35,2032-06-22,3500000,EUR,88.69,PERC,,BMTS,BMTS,MTS,1,D2D,MTF,DBFTFN,401567
2022-05-17 07:53:19.485087,BE0000354630,Corporate bond,The Kingdom of Belgium,0.35,2032-06-22,5000000,EUR,88.69,PERC,,BMTS,BMTS,MTS,1,D2D,MTF,DBFTFN,400424
2022-05-17 07:53:19.462533,BE0000354630,Corporate bond,The Kingdom of Belgium,0.35,2032-06-22,5000000,EUR,88.68,PERC,,BMTS,BMTS,MTS,1,D2D,MTF,DBFTFN,400423
2022-05-17 07:53:19.424607,BE0000354630,Corporate bond,The Kingdom of Belgium,0.35,2032-06-22,5000000,EUR,88.67,PERC,,BMTS,BMTS,MTS,1,D2D,MTF,DBFTFN,400422
2022-05-17 07:53:19.412003,BE0000354630,Corporate bond,The Kingdom of Belgium,0.35,2032-06-22,5000000,EUR,88.66,PERC,,BMTS,BMTS,MTS,1,D2D,MTF,DBFTFN,400420
2022-05-17 07:53:19.381907,BE0000354630,Corporate bond,The Kingdom of Belgium,0.35,2032-06-22,10000000,EUR,88.65,PERC,,BMTS,BMTS,MTS,1,D2D,MTF,DBFTFN,400418
2022-05-17 07:53:19.326421,BE0000354630,Corporate bond,The Kingdom of Belgium,0.35,2032-06-22,5000000,EUR,88.65,PERC,,BMTS,BMTS,MTS,1,D2D,MTF,DBFTFN,400414
2022-05-16 14:54:44.796831,BE0000354630,Corporate bond,The Kingdom of Belgium,0.35,2032-06-22,5000000,EUR,89.18,PERC,,BMTS,BMTS,MTS,1,D2D,MTF,DBFTFN,403092
2022-05-16 14:54:44.791658,BE0000354630,Corporate bond,The Kingdom of Belgium,0.35,2032-06-22,5000000,EUR,89.18,PERC,,BMTS,BMTS,MTS,1,D2D,MTF,DBFTFN,403091
2022-05-16 11:51:22.067192,BE0000354630,Corporate bond,The Kingdom of Belgium,0.35,2032-06-22,5000000,EUR,88.55,PERC,,BMTS,BMTS,MTS,1,D2D,MTF,DBFTFN,401404
2022-05-16 11:51:22.046237,BE0000354630,Corporate bond,The Kingdom of Belgium,0.35,2032-06-22,5000000,EUR,88.55,PERC,,BMTS,BMTS,MTS,1,D2D,MTF,DBFTFN,401403
2022-05-16 11:17:01.907132,BE0000354630,Corporate bond,The Kingdom of Belgium,0.35,2032-06-22,10000000,EUR,88.61,PERC,,BMTS,BMTS,MTS,1,D2D,MTF,DBFTFN,401351
2022-05-16 11:17:01.895291,BE0000354630,Corporate bond,The Kingdom of Belgium,0.35,2032-06-22,5000000,EUR,88.61,PERC,,BMTS,BMTS,MTS,1,D2D,MTF,DBFTFN,401350
2022-05-16 08:22:46.348068,BE0000354630,Corporate bond,The Kingdom of Belgium,0.35,2032-06-22,5000000,EUR,88.78,PERC,,BMTS,BMTS,MTS,1,D2D,MTF,DBFTFN,400416
2022-05-16 08:21:37.111508,BE0000354630,Corporate bond,The Kingdom of Belgium,0.35,2032-06-22,2500000,EUR,88.78,PERC,,BMTS,BMTS,MTS,1,D2D,MTF,DBFTFN,400415
2022-05-16 08:21:32.183317,BE0000354630,Corporate bond,The Kingdom of Belgium,0.35,2032-06-22,2500000,EUR,88.77,PERC,,BMTS,BMTS,MTS,1,D2D,MTF,DBFTFN,400410
2022-05-16 08:21:13.512507,BE0000354630,Corporate bond,The Kingdom of Belgium,0.35,2032-06-22,2500000,EUR,88.77,PERC,,BMTS,BMTS,MTS,1,D2D,MTF,DBFTFN,400409
2022-05-09 12:13:34.142351,BE0000354630,Corporate bond,The Kingdom of Belgium,0.35,2032-06-22,10000000,EUR,87.06,PERC,,BMTS,BMTS,MTS,1,D2D,MTF,DBFTFN,401614
2022-05-09 12:13:34.135050,BE0000354630,Corporate bond,The Kingdom of Belgium,0.35,2032-06-22,5000000,EUR,87.06,PERC,,BMTS,BMTS,MTS,1,D2D,MTF,DBFTFN,401613
2022-05-09 12:13:34.125576,BE0000354630,Corporate bond,The Kingdom of Belgium,0.35,2032-06-22,10000000,EUR,87.06,PERC,,BMTS,BMTS,MTS,1,D2D,MTF,DBFTFN,401612
2022-05-09 12:13:34.114511,BE0000354630,Corporate bond,The Kingdom of Belgium,0.35,2032-06-22,5000000,EUR,87.06,PERC,,BMTS,BMTS,MTS,1,D2D,MTF,DBFTFN,401611
2022-05-09 12:13:34.097419,BE0000354630,Corporate bond,The Kingdom of Belgium,0.35,2032-06-22,5000000,EUR,87.06,PERC,,BMTS,BMTS,MTS,1,D2D,MTF,DBFTFN,401610
2022-05-09 12:13:34.079245,BE0000354630,Corporate bond,The Kingdom of Belgium,0.35,2032-06-22,5000000,EUR,87.06,PERC,,BMTS,BMTS,MTS,1,D2D,MTF,DBFTFN,401609
2022-05-09 12:13:34.067448,BE0000354630,Corporate bond,The Kingdom of Belgium,0.35,2032-06-22,5000000,EUR,87.06,PERC,,BMTS,BMTS,MTS,1,D2D,MTF,DBFTFN,401608
2022-05-09 12:13:34.054407,BE0000354630,Corporate bond,The Kingdom of Belgium,0.35,2032-06-22,5000000,EUR,87.07,PERC,,BMTS,BMTS,MTS,1,D2D,MTF,DBFTFN,401607
2022-05-09 12:13:34.043387,BE0000354630,Corporate bond,The Kingdom of Belgium,0.35,2032-06-22,5000000,EUR,87.07,PERC,,BMTS,BMTS,MTS,1,D2D,MTF,DBFTFN,401606
2022-05-06 08:07:15.802880,BE0000354630,Corporate bond,The Kingdom of Belgium,0.35,2032-06-22,5000000,EUR,88.2,PERC,,BMTS,BMTS,MTS,1,D2D,MTF,DBFTFN,400588
2022-05-06 08:07:15.788804,BE0000354630,Corporate bond,The Kingdom of Belgium,0.35,2032-06-22,5000000,EUR,88.19,PERC,,BMTS,BMTS,MTS,1,D2D,MTF,DBFTFN,400587
2022-05-04 13:41:01.305284,BE0000354630,Corporate bond,The Kingdom of Belgium,0.35,2032-06-22,5000000,EUR,88.44,PERC,,BMTS,BMTS,MTS,1,D2D,MTF,DBFTFN,403152
2022-05-04 13:41:01.295548,BE0000354630,Corporate bond,The Kingdom of Belgium,0.35,2032-06-22,5000000,EUR,88.44,PERC,,BMTS,BMTS,MTS,1,D2D,MTF,DBFTFN,403151
2022-05-04 13:41:01.283212,BE0000354630,Corporate bond,The Kingdom of Belgium,0.35,2032-06-22,5000000,EUR,88.44,PERC,,BMTS,BMTS,MTS,1,D2D,MTF,DBFTFN,403150
2022-04-29 10:35:13.489033,BE0000354630,Corporate bond,The Kingdom of Belgium,0.35,2032-06-22,5000000,EUR,89.34,PERC,,BMTS,BMTS,MTS,1,D2D,MTF,DBFTFN,401521
2022-04-29 09:56:30.892396,BE0000354630,Corporate bond,The Kingdom of Belgium,0.35,2032-06-22,5000000,EUR,89.31,PERC,,BMTS,BMTS,MTS,1,D2D,MTF,DBFTFN,401277
2022-04-29 09:49:04.598517,BE0000354630,Corporate bond,The Kingdom of Belgium,0.35,2032-06-22,5000000,EUR,89.35,PERC,,BMTS,BMTS,MTS,1,D2D,MTF,DBFTFN,401221
2022-04-29 08:26:20.060191,BE0000354630,Corporate bond,The Kingdom of Belgium,0.35,2032-06-22,5000000,EUR,89.8,PERC,,BMTS,BMTS,MTS,1,D2D,MTF,DBFTFN,400472
2022-04-29 08:26:20.046520,BE0000354630,Corporate bond,The Kingdom of Belgium,0.35,2032-06-22,5000000,EUR,89.81,PERC,,BMTS,BMTS,MTS,1,D2D,MTF,DBFTFN,400470
2022-04-29 08:26:20.032215,BE0000354630,Corporate bond,The Kingdom of Belgium,0.35,2032-06-22,5000000,EUR,89.83,PERC,,BMTS,BMTS,MTS,1,D2D,MTF,DBFTFN,400469
2022-04-29 08:26:20.019459,BE0000354630,Corporate bond,The Kingdom of Belgium,0.35,2032-06-22,5000000,EUR,89.83,PERC,,BMTS,BMTS,MTS,1,D2D,MTF,DBFTFN,400467
2022-04-29 08:26:20.009040,BE0000354630,Corporate bond,The Kingdom of Belgium,0.35,2032-06-22,5000000,EUR,89.83,PERC,,BMTS,BMTS,MTS,1,D2D,MTF,DBFTFN,400465
2022-04-29 08:26:19.995001,BE0000354630,Corporate bond,The Kingdom of Belgium,0.35,2032-06-22,10000000,EUR,89.83,PERC,,BMTS,BMTS,MTS,1,D2D,MTF,DBFTFN,400464
2022-04-29 08:26:19.982648,BE0000354630,Corporate bond,The Kingdom of Belgium,0.35,2032-06-22,5000000,EUR,89.83,PERC,,BMTS,BMTS,MTS,1,D2D,MTF,DBFTFN,400462
2022-04-29 08:26:19.968250,BE0000354630,Corporate bond,The Kingdom of Belgium,0.35,2032-06-22,10000000,EUR,89.84,PERC,,BMTS,BMTS,MTS,1,D2D,MTF,DBFTFN,400460
2022-04-29 08:26:19.949557,BE0000354630,Corporate bond,The Kingdom of Belgium,0.35,2032-06-22,5000000,EUR,89.84,PERC,,BMTS,BMTS,MTS,1,D2D,MTF,DBFTFN,400459
2022-04-29 08:26:19.944239,BE0000354630,Corporate bond,The Kingdom of Belgium,0.35,2032-06-22,5000000,EUR,89.85,PERC,,BMTS,BMTS,MTS,1,D2D,MTF,DBFTFN,400457
2022-04-29 08:26:19.936852,BE0000354630,Corporate bond,The Kingdom of Belgium,0.35,2032-06-22,5000000,EUR,89.85,PERC,,BMTS,BMTS,MTS,1,D2D,MTF,DBFTFN,400455
2022-04-28 12:17:38.194458,BE0000354630,Corporate bond,The Kingdom of Belgium,0.35,2032-06-22,2500000,EUR,89.94,PERC,,BMTS,BMTS,MTS,1,D2D,MTF,DBFTFN,402089
2022-04-26 14:04:14.836386,BE0000354630,Corporate bond,The Kingdom of Belgium,0.35,2032-06-22,10000000,EUR,90.46,PERC,,BMTS,BMTS,MTS,1,D2D,MTF,DBFTFN,402704
2022-04-25 15:05:41.142904,BE0000354630,Corporate bond,The Kingdom of Belgium,0.35,2032-06-22,5000000,EUR,90.29,PERC,,BMTS,BMTS,MTS,1,D2D,MTF,DBFTFN,403255
2022-04-25 11:01:59.794686,BE0000354630,Corporate bond,The Kingdom of Belgium,0.35,2032-06-22,5000000,EUR,89.95,PERC,,BMTS,BMTS,MTS,1,D2D,MTF,DBFTFN,401822
2022-04-25 11:01:59.785390,BE0000354630,Corporate bond,The Kingdom of Belgium,0.35,2032-06-22,5000000,EUR,89.94,PERC,,BMTS,BMTS,MTS,1,D2D,MTF,DBFTFN,401821
2022-04-25 10:56:14.858527,BE0000354630,Corporate bond,The Kingdom of Belgium,0.35,2032-06-22,5000000,EUR,89.95,PERC,,BMTS,BMTS,MTS,1,D2D,MTF,DBFTFN,401807
2022-04-25 10:56:14.852325,BE0000354630,Corporate bond,The Kingdom of Belgium,0.35,2032-06-22,10000000,EUR,89.95,PERC,,BMTS,BMTS,MTS,1,D2D,MTF,DBFTFN,401806
2022-04-25 10:56:14.843192,BE0000354630,Corporate bond,The Kingdom of Belgium,0.35,2032-06-22,5000000,EUR,89.94,PERC,,BMTS,BMTS,MTS,1,D2D,MTF,DBFTFN,401805
2022-04-25 09:50:06.048161,BE0000354630,Corporate bond,The Kingdom of Belgium,0.35,2032-06-22,5000000,EUR,89.85,PERC,,BMTS,BMTS,MTS,1,D2D,MTF,DBFTFN,401417
2022-04-25 08:45:57.532881,BE0000354630,Corporate bond,The Kingdom of Belgium,0.35,2032-06-22,5000000,EUR,89.96,PERC,,BMTS,BMTS,MTS,1,D2D,MTF,DBFTFN,400941
2022-04-25 08:01:32.366232,BE0000354630,Corporate bond,The Kingdom of Belgium,0.35,2032-06-22,5000000,EUR,89.98,PERC,,BMTS,BMTS,MTS,1,D2D,MTF,DBFTFN,400500
2022-04-25 08:01:32.338798,BE0000354630,Corporate bond,The Kingdom of Belgium,0.35,2032-06-22,5000000,EUR,89.98,PERC,,BMTS,BMTS,MTS,1,D2D,MTF,DBFTFN,400499
2022-04-22 14:44:33.466269,BE0000354630,Corporate bond,The Kingdom of Belgium,0.35,2032-06-22,5000000,EUR,89.82,PERC,,BMTS,BMTS,MTS,1,D2D,MTF,DBFTFN,403718
2022-04-22 14:44:33.447797,BE0000354630,Corporate bond,The Kingdom of Belgium,0.35,2032-06-22,5000000,EUR,89.79,PERC,,BMTS,BMTS,MTS,1,D2D,MTF,DBFTFN,403715
2022-04-22 14:44:33.435940,BE0000354630,Corporate bond,The Kingdom of Belgium,0.35,2032-06-22,10000000,EUR,89.77,PERC,,BMTS,BMTS,MTS,1,D2D,MTF,DBFTFN,403712
2022-04-22 14:44:33.425918,BE0000354630,Corporate bond,The Kingdom of Belgium,0.35,2032-06-22,5000000,EUR,89.77,PERC,,BMTS,BMTS,MTS,1,D2D,MTF,DBFTFN,403710
2022-04-22 14:44:33.413318,BE0000354630,Corporate bond,The Kingdom of Belgium,0.35,2032-06-22,5000000,EUR,89.77,PERC,,BMTS,BMTS,MTS,1,D2D,MTF,DBFTFN,403707
2022-04-22 14:44:33.390760,BE0000354630,Corporate bond,The Kingdom of Belgium,0.35,2032-06-22,5000000,EUR,89.76,PERC,,BMTS,BMTS,MTS,1,D2D,MTF,DBFTFN,403703
2022-04-22 14:44:33.377279,BE0000354630,Corporate bond,The Kingdom of Belgium,0.35,2032-06-22,5000000,EUR,89.76,PERC,,BMTS,BMTS,MTS,1,D2D,MTF,DBFTFN,403698
2022-04-22 08:25:13.395901,BE0000354630,Corporate bond,The Kingdom of Belgium,0.35,2032-06-22,5000000,EUR,89.8,PERC,,BMTS,BMTS,MTS,1,D2D,MTF,DBFTFN,400726
2022-04-22 08:25:13.389710,BE0000354630,Corporate bond,The Kingdom of Belgium,0.35,2032-06-22,5000000,EUR,89.8,PERC,,BMTS,BMTS,MTS,1,D2D,MTF,DBFTFN,400725
2022-04-22 08:25:13.381511,BE0000354630,Corporate bond,The Kingdom of Belgium,0.35,2032-06-22,5000000,EUR,89.8,PERC,,BMTS,BMTS,MTS,1,D2D,MTF,DBFTFN,400724
2022-04-21 13:27:32.978138,BE0000354630,Corporate bond,The Kingdom of Belgium,0.35,2032-06-22,5000000,EUR,90.13,PERC,,BMTS,BMTS,MTS,1,D2D,MTF,DBFTFN,402428
2022-04-21 13:25:02.046318,BE0000354630,Corporate bond,The Kingdom of Belgium,0.35,2032-06-22,5000000,EUR,90.21,PERC,,BMTS,BMTS,MTS,1,D2D,MTF,DBFTFN,402342
2022-04-20 11:07:27.075216,BE0000354630,Corporate bond,The Kingdom of Belgium,0.35,2032-06-22,5000000,EUR,90.42,PERC,,BMTS,BMTS,MTS,1,D2D,MTF,DBFTFN,402157
2022-04-20 11:07:27.064826,BE0000354630,Corporate bond,The Kingdom of Belgium,0.35,2032-06-22,5000000,EUR,90.42,PERC,,BMTS,BMTS,MTS,1,D2D,MTF,DBFTFN,402156
2022-04-20 11:07:27.052649,BE0000354630,Corporate bond,The Kingdom of Belgium,0.35,2032-06-22,5000000,EUR,90.42,PERC,,BMTS,BMTS,MTS,1,D2D,MTF,DBFTFN,402155
2022-04-20 09:36:25.353303,BE0000354630,Corporate bond,The Kingdom of Belgium,0.35,2032-06-22,3500000,EUR,90.39,PERC,,BMTS,BMTS,MTS,1,D2D,MTF,DBFTFN,401245
2022-04-20 08:53:43.708974,BE0000354630,Corporate bond,The Kingdom of Belgium,0.35,2032-06-22,5000000,EUR,90.38,PERC,,BMTS,BMTS,MTS,1,D2D,MTF,DBFTFN,401025
2022-04-20 08:51:47.900380,BE0000354630,Corporate bond,The Kingdom of Belgium,0.35,2032-06-22,5000000,EUR,90.38,PERC,,BMTS,BMTS,MTS,1,D2D,MTF,DBFTFN,401022
2022-04-20 08:51:47.894910,BE0000354630,Corporate bond,The Kingdom of Belgium,0.35,2032-06-22,5000000,EUR,90.38,PERC,,BMTS,BMTS,MTS,1,D2D,MTF,DBFTFN,401021
2022-04-20 07:57:22.640024,BE0000354630,Corporate bond,The Kingdom of Belgium,0.35,2032-06-22,2500000,EUR,90.27,PERC,,BMTS,BMTS,MTS,1,D2D,MTF,DBFTFN,400439
2022-04-20 07:57:21.659367,BE0000354630,Corporate bond,The Kingdom of Belgium,0.35,2032-06-22,5000000,EUR,90.26,PERC,,BMTS,BMTS,MTS,1,D2D,MTF,DBFTFN,400438
2022-04-20 06:59:18.796195,BE0000354630,Corporate bond,The Kingdom of Belgium,0.35,2032-06-22,5000000,EUR,89.83,PERC,,BMTS,BMTS,MTS,1,D2D,MTF,DBFTFN,400029
2022-04-19 14:05:16.249763,BE0000354630,Corporate bond,The Kingdom of Belgium,0.35,2032-06-22,5000000,EUR,89.69,PERC,,BMTS,BMTS,MTS,1,D2D,MTF,DBFTFN,402668
2022-04-19 14:05:16.238262,BE0000354630,Corporate bond,The Kingdom of Belgium,0.35,2032-06-22,5000000,EUR,89.7,PERC,,BMTS,BMTS,MTS,1,D2D,MTF,DBFTFN,402667
2022-04-19 14:05:16.227206,BE0000354630,Corporate bond,The Kingdom of Belgium,0.35,2032-06-22,10000000,EUR,89.7,PERC,,BMTS,BMTS,MTS,1,D2D,MTF,DBFTFN,402666
2022-04-19 14:05:16.187122,BE0000354630,Corporate bond,The Kingdom of Belgium,0.35,2032-06-22,5000000,EUR,89.71,PERC,,BMTS,BMTS,MTS,1,D2D,MTF,DBFTFN,402665
2022-04-19 14:05:16.180240,BE0000354630,Corporate bond,The Kingdom of Belgium,0.35,2032-06-22,10000000,EUR,89.71,PERC,,BMTS,BMTS,MTS,1,D2D,MTF,DBFTFN,402664
2022-04-19 14:05:16.162432,BE0000354630,Corporate bond,The Kingdom of Belgium,0.35,2032-06-22,5000000,EUR,89.71,PERC,,BMTS,BMTS,MTS,1,D2D,MTF,DBFTFN,402663
2022-04-19 14:05:16.140383,BE0000354630,Corporate bond,The Kingdom of Belgium,0.35,2032-06-22,5000000,EUR,89.71,PERC,,BMTS,BMTS,MTS,1,D2D,MTF,DBFTFN,402662
2022-04-19 14:05:16.130627,BE0000354630,Corporate bond,The Kingdom of Belgium,0.35,2032-06-22,5000000,EUR,89.72,PERC,,BMTS,BMTS,MTS,1,D2D,MTF,DBFTFN,402661
2022-04-19 10:29:57.337505,BE0000354630,Corporate bond,The Kingdom of Belgium,0.35,2032-06-22,5000000,EUR,90.01,PERC,,BMTS,BMTS,MTS,1,D2D,MTF,DBFTFN,400994
2022-04-19 10:29:50.938310,BE0000354630,Corporate bond,The Kingdom of Belgium,0.35,2032-06-22,5000000,EUR,90,PERC,,BMTS,BMTS,MTS,1,D2D,MTF,DBFTFN,400993
2022-04-19 10:29:50.932757,BE0000354630,Corporate bond,The Kingdom of Belgium,0.35,2032-06-22,5000000,EUR,90,PERC,,BMTS,BMTS,MTS,1,D2D,MTF,DBFTFN,400992
2022-04-19 10:29:50.927196,BE0000354630,Corporate bond,The Kingdom of Belgium,0.35,2032-06-22,5000000,EUR,90.01,PERC,,BMTS,BMTS,MTS,1,D2D,MTF,DBFTFN,400991
2022-04-19 10:29:50.915777,BE0000354630,Corporate bond,The Kingdom of Belgium,0.35,2032-06-22,10000000,EUR,90.02,PERC,,BMTS,BMTS,MTS,1,D2D,MTF,DBFTFN,400990
2022-04-19 10:29:50.909562,BE0000354630,Corporate bond,The Kingdom of Belgium,0.35,2032-06-22,5000000,EUR,90.02,PERC,,BMTS,BMTS,MTS,1,D2D,MTF,DBFTFN,400989
2022-04-19 10:29:50.897407,BE0000354630,Corporate bond,The Kingdom of Belgium,0.35,2032-06-22,10000000,EUR,90.02,PERC,,BMTS,BMTS,MTS,1,D2D,MTF,DBFTFN,400988
2022-04-19 10:29:50.880165,BE0000354630,Corporate bond,The Kingdom of Belgium,0.35,2032-06-22,5000000,EUR,90.02,PERC,,BMTS,BMTS,MTS,1,D2D,MTF,DBFTFN,400987
2022-04-19 10:29:50.868552,BE0000354630,Corporate bond,The Kingdom of Belgium,0.35,2032-06-22,5000000,EUR,90.03,PERC,,BMTS,BMTS,MTS,1,D2D,MTF,DBFTFN,400986
2022-04-14 15:08:48.724668,BE0000354630,Corporate bond,The Kingdom of Belgium,0.35,2032-06-22,5000000,EUR,90.59,PERC,,BMTS,BMTS,MTS,1,D2D,MTF,DBFTFN,401820
2022-04-13 14:30:12.376782,BE0000354630,Corporate bond,The Kingdom of Belgium,0.35,2032-06-22,5000000,EUR,91.2,PERC,,BMTS,BMTS,MTS,1,D2D,MTF,DBFTFN,402008
2022-04-12 13:10:31.060592,BE0000354630,Corporate bond,The Kingdom of Belgium,0.35,2032-06-22,4500000,EUR,91.11,PERC,,BMTS,BMTS,MTS,1,D2D,MTF,DBFTFN,402734
2022-04-12 13:10:31.036774,BE0000354630,Corporate bond,The Kingdom of Belgium,0.35,2032-06-22,4500000,EUR,91.11,PERC,,BMTS,BMTS,MTS,1,D2D,MTF,DBFTFN,402733
2022-04-12 08:53:47.717459,BE0000354630,Corporate bond,The Kingdom of Belgium,0.35,2032-06-22,5000000,EUR,90.44,PERC,,BMTS,BMTS,MTS,1,D2D,MTF,DBFTFN,401001
2022-04-12 08:53:47.708311,BE0000354630,Corporate bond,The Kingdom of Belgium,0.35,2032-06-22,5000000,EUR,90.44,PERC,,BMTS,BMTS,MTS,1,D2D,MTF,DBFTFN,401000
2022-04-12 08:53:47.700047,BE0000354630,Corporate bond,The Kingdom of Belgium,0.35,2032-06-22,5000000,EUR,90.44,PERC,,BMTS,BMTS,MTS,1,D2D,MTF,DBFTFN,400998
2022-04-12 08:53:47.688734,BE0000354630,Corporate bond,The Kingdom of Belgium,0.35,2032-06-22,10000000,EUR,90.44,PERC,,BMTS,BMTS,MTS,1,D2D,MTF,DBFTFN,400997
2022-04-12 08:53:47.677421,BE0000354630,Corporate bond,The Kingdom of Belgium,0.35,2032-06-22,5000000,EUR,90.45,PERC,,BMTS,BMTS,MTS,1,D2D,MTF,DBFTFN,400995
2022-04-12 08:53:47.670830,BE0000354630,Corporate bond,The Kingdom of Belgium,0.35,2032-06-22,5000000,EUR,90.46,PERC,,BMTS,BMTS,MTS,1,D2D,MTF,DBFTFN,400994
2022-04-12 07:22:51.697238,BE0000354630,Corporate bond,The Kingdom of Belgium,0.35,2032-06-22,5000000,EUR,90.63,PERC,,BMTS,BMTS,MTS,1,D2D,MTF,DBFTFN,400204
2022-04-11 09:46:55.666911,BE0000354630,Corporate bond,The Kingdom of Belgium,0.35,2032-06-22,3500000,EUR,91.26,PERC,,BMTS,BMTS,MTS,1,D2D,MTF,DBFTFN,401018
2022-04-11 09:43:00.936241,BE0000354630,Corporate bond,The Kingdom of Belgium,0.35,2032-06-22,5000000,EUR,91.29,PERC,,BMTS,BMTS,MTS,1,D2D,MTF,DBFTFN,400961
2022-04-11 08:49:04.696840,BE0000354630,Corporate bond,The Kingdom of Belgium,0.35,2032-06-22,5000000,EUR,91.12,PERC,,BMTS,BMTS,MTS,1,D2D,MTF,DBFTFN,400635
2022-04-11 08:49:04.690672,BE0000354630,Corporate bond,The Kingdom of Belgium,0.35,2032-06-22,5000000,EUR,91.12,PERC,,BMTS,BMTS,MTS,1,D2D,MTF,DBFTFN,400634
2022-04-11 08:49:04.684420,BE0000354630,Corporate bond,The Kingdom of Belgium,0.35,2032-06-22,10000000,EUR,91.12,PERC,,BMTS,BMTS,MTS,1,D2D,MTF,DBFTFN,400632
2022-04-11 08:49:04.679032,BE0000354630,Corporate bond,The Kingdom of Belgium,0.35,2032-06-22,5000000,EUR,91.12,PERC,,BMTS,BMTS,MTS,1,D2D,MTF,DBFTFN,400631
2022-04-11 08:49:04.671870,BE0000354630,Corporate bond,The Kingdom of Belgium,0.35,2032-06-22,5000000,EUR,91.13,PERC,,BMTS,BMTS,MTS,1,D2D,MTF,DBFTFN,400630
2022-04-11 08:15:03.966015,BE0000354630,Corporate bond,The Kingdom of Belgium,0.35,2032-06-22,5000000,EUR,91.18,PERC,,BMTS,BMTS,MTS,1,D2D,MTF,DBFTFN,400526
2022-04-11 08:15:03.959102,BE0000354630,Corporate bond,The Kingdom of Belgium,0.35,2032-06-22,5000000,EUR,91.18,PERC,,BMTS,BMTS,MTS,1,D2D,MTF,DBFTFN,400525
2022-04-11 07:48:53.017992,BE0000354630,Corporate bond,The Kingdom of Belgium,0.35,2032-06-22,3000000,EUR,91.27,PERC,,BMTS,BMTS,MTS,1,D2D,MTF,DBFTFN,400327
2022-04-11 07:45:42.579700,BE0000354630,Corporate bond,The Kingdom of Belgium,0.35,2032-06-22,5000000,EUR,91.27,PERC,,BMTS,BMTS,MTS,1,D2D,MTF,DBFTFN,400283
2022-04-08 14:56:46.876893,BE0000354630,Corporate bond,The Kingdom of Belgium,0.35,2032-06-22,5000000,EUR,91.52,PERC,,BMTS,BMTS,MTS,1,D2D,MTF,DBFTFN,402500
2022-04-08 14:56:46.871455,BE0000354630,Corporate bond,The Kingdom of Belgium,0.35,2032-06-22,5000000,EUR,91.51,PERC,,BMTS,BMTS,MTS,1,D2D,MTF,DBFTFN,402498
2022-04-08 11:26:51.310582,BE0000354630,Corporate bond,The Kingdom of Belgium,0.35,2032-06-22,5000000,EUR,91.47,PERC,,BMTS,BMTS,MTS,1,D2D,MTF,DBFTFN,401365
2022-04-08 11:26:51.298831,BE0000354630,Corporate bond,The Kingdom of Belgium,0.35,2032-06-22,5000000,EUR,91.47,PERC,,BMTS,BMTS,MTS,1,D2D,MTF,DBFTFN,401364
2022-04-08 11:26:51.289281,BE0000354630,Corporate bond,The Kingdom of Belgium,0.35,2032-06-22,5000000,EUR,91.47,PERC,,BMTS,BMTS,MTS,1,D2D,MTF,DBFTFN,401363
2022-04-08 10:51:18.913325,BE0000354630,Corporate bond,The Kingdom of Belgium,0.35,2032-06-22,5000000,EUR,91.53,PERC,,BMTS,BMTS,MTS,1,D2D,MTF,DBFTFN,401069
2022-04-08 10:50:46.881048,BE0000354630,Corporate bond,The Kingdom of Belgium,0.35,2032-06-22,5000000,EUR,91.53,PERC,,BMTS,BMTS,MTS,1,D2D,MTF,DBFTFN,401064
2022-04-08 10:49:40.865161,BE0000354630,Corporate bond,The Kingdom of Belgium,0.35,2032-06-22,5000000,EUR,91.52,PERC,,BMTS,BMTS,MTS,1,D2D,MTF,DBFTFN,401055
2022-04-08 10:49:40.859290,BE0000354630,Corporate bond,The Kingdom of Belgium,0.35,2032-06-22,5000000,EUR,91.52,PERC,,BMTS,BMTS,MTS,1,D2D,MTF,DBFTFN,401054
2022-04-08 10:49:40.854529,BE0000354630,Corporate bond,The Kingdom of Belgium,0.35,2032-06-22,5000000,EUR,91.53,PERC,,BMTS,BMTS,MTS,1,D2D,MTF,DBFTFN,401053
2022-04-08 08:20:56.794084,BE0000354630,Corporate bond,The Kingdom of Belgium,0.35,2032-06-22,5000000,EUR,91.58,PERC,,BMTS,BMTS,MTS,1,D2D,MTF,DBFTFN,400286
2022-04-08 08:20:15.786547,BE0000354630,Corporate bond,The Kingdom of Belgium,0.35,2032-06-22,5000000,EUR,91.54,PERC,,BMTS,BMTS,MTS,1,D2D,MTF,DBFTFN,400259
2022-04-08 08:20:15.778207,BE0000354630,Corporate bond,The Kingdom of Belgium,0.35,2032-06-22,5000000,EUR,91.53,PERC,,BMTS,BMTS,MTS,1,D2D,MTF,DBFTFN,400258
2022-04-08 08:20:15.773313,BE0000354630,Corporate bond,The Kingdom of Belgium,0.35,2032-06-22,5000000,EUR,91.53,PERC,,BMTS,BMTS,MTS,1,D2D,MTF,DBFTFN,400257
2022-04-08 07:59:16.193940,BE0000354630,Corporate bond,The Kingdom of Belgium,0.35,2032-06-22,5000000,EUR,91.69,PERC,,BMTS,BMTS,MTS,1,D2D,MTF,DBFTFN,400172
2022-04-08 07:52:48.450424,BE0000354630,Corporate bond,The Kingdom of Belgium,0.35,2032-06-22,5000000,EUR,91.7,PERC,,BMTS,BMTS,MTS,1,D2D,MTF,DBFTFN,400128
2022-04-08 07:52:34.000624,BE0000354630,Corporate bond,The Kingdom of Belgium,0.35,2032-06-22,5000000,EUR,91.69,PERC,,BMTS,BMTS,MTS,1,D2D,MTF,DBFTFN,400127
2022-04-08 07:52:33.989657,BE0000354630,Corporate bond,The Kingdom of Belgium,0.35,2032-06-22,5000000,EUR,91.69,PERC,,BMTS,BMTS,MTS,1,D2D,MTF,DBFTFN,400126
2022-04-07 12:45:59.286565,BE0000354630,Corporate bond,The Kingdom of Belgium,0.35,2032-06-22,2500000,EUR,91.66,PERC,,BMTS,BMTS,MTS,1,D2D,MTF,DBFTFN,402359
2022-04-07 09:25:31.678579,BE0000354630,Corporate bond,The Kingdom of Belgium,0.35,2032-06-22,5000000,EUR,92.39,PERC,,BMTS,BMTS,MTS,1,D2D,MTF,DBFTFN,400920
2022-04-07 08:40:52.002654,BE0000354630,Corporate bond,The Kingdom of Belgium,0.35,2032-06-22,5000000,EUR,91.96,PERC,,BMTS,BMTS,MTS,1,D2D,MTF,DBFTFN,400533
2022-04-07 08:40:51.995189,BE0000354630,Corporate bond,The Kingdom of Belgium,0.35,2032-06-22,5000000,EUR,91.96,PERC,,BMTS,BMTS,MTS,1,D2D,MTF,DBFTFN,400532
2022-04-07 08:16:24.939884,BE0000354630,Corporate bond,The Kingdom of Belgium,0.35,2032-06-22,5000000,EUR,92.13,PERC,,BMTS,BMTS,MTS,1,D2D,MTF,DBFTFN,400394
2022-04-07 08:16:24.934310,BE0000354630,Corporate bond,The Kingdom of Belgium,0.35,2032-06-22,5000000,EUR,92.13,PERC,,BMTS,BMTS,MTS,1,D2D,MTF,DBFTFN,400393
2022-04-07 08:16:24.922745,BE0000354630,Corporate bond,The Kingdom of Belgium,0.35,2032-06-22,5000000,EUR,92.13,PERC,,BMTS,BMTS,MTS,1,D2D,MTF,DBFTFN,400392
2022-04-06 12:11:58.883349,BE0000354630,Corporate bond,The Kingdom of Belgium,0.35,2032-06-22,10000000,EUR,91.75,PERC,,BMTS,BMTS,MTS,1,D2D,MTF,DBFTFN,402115
2022-04-06 12:11:12.107122,BE0000354630,Corporate bond,The Kingdom of Belgium,0.35,2032-06-22,2500000,EUR,91.75,PERC,,BMTS,BMTS,MTS,1,D2D,MTF,DBFTFN,402111
2022-04-06 12:10:33.315718,BE0000354630,Corporate bond,The Kingdom of Belgium,0.35,2032-06-22,10000000,EUR,91.76,PERC,,BMTS,BMTS,MTS,1,D2D,MTF,DBFTFN,402110
2022-04-05 15:08:18.540795,BE0000354630,Corporate bond,The Kingdom of Belgium,0.35,2032-06-22,5000000,EUR,92.2,PERC,,BMTS,BMTS,MTS,1,D2D,MTF,DBFTFN,403898
2022-04-04 14:39:52.304083,BE0000354630,Corporate bond,The Kingdom of Belgium,0.35,2032-06-22,5000000,EUR,93.43,PERC,,BMTS,BMTS,MTS,1,D2D,MTF,DBFTFN,402279
2022-04-04 14:10:05.517435,BE0000354630,Corporate bond,The Kingdom of Belgium,0.35,2032-06-22,5000000,EUR,93.47,PERC,,BMTS,BMTS,MTS,1,D2D,MTF,DBFTFN,402043
2022-04-04 14:09:49.234025,BE0000354630,Corporate bond,The Kingdom of Belgium,0.35,2032-06-22,5000000,EUR,93.47,PERC,,BMTS,BMTS,MTS,1,D2D,MTF,DBFTFN,401990
2022-04-04 14:09:40.039854,BE0000354630,Corporate bond,The Kingdom of Belgium,0.35,2032-06-22,5000000,EUR,93.46,PERC,,BMTS,BMTS,MTS,1,D2D,MTF,DBFTFN,401989
2022-04-04 14:09:40.027929,BE0000354630,Corporate bond,The Kingdom of Belgium,0.35,2032-06-22,5000000,EUR,93.46,PERC,,BMTS,BMTS,MTS,1,D2D,MTF,DBFTFN,401988
2022-04-04 14:09:40.012795,BE0000354630,Corporate bond,The Kingdom of Belgium,0.35,2032-06-22,5000000,EUR,93.47,PERC,,BMTS,BMTS,MTS,1,D2D,MTF,DBFTFN,401987
2022-04-04 13:08:46.342639,BE0000354630,Corporate bond,The Kingdom of Belgium,0.35,2032-06-22,5000000,EUR,93.95,PERC,,BMTS,BMTS,MTS,1,D2D,MTF,DBFTFN,401623
2022-04-04 13:08:46.328050,BE0000354630,Corporate bond,The Kingdom of Belgium,0.35,2032-06-22,10000000,EUR,93.94,PERC,,BMTS,BMTS,MTS,1,D2D,MTF,DBFTFN,401622
2022-04-04 13:08:46.309532,BE0000354630,Corporate bond,The Kingdom of Belgium,0.35,2032-06-22,5000000,EUR,93.94,PERC,,BMTS,BMTS,MTS,1,D2D,MTF,DBFTFN,401621
2022-04-04 13:08:46.284204,BE0000354630,Corporate bond,The Kingdom of Belgium,0.35,2032-06-22,5000000,EUR,93.93,PERC,,BMTS,BMTS,MTS,1,D2D,MTF,DBFTFN,401620
2022-04-04 13:08:46.254885,BE0000354630,Corporate bond,The Kingdom of Belgium,0.35,2032-06-22,5000000,EUR,93.92,PERC,,BMTS,BMTS,MTS,1,D2D,MTF,DBFTFN,401619
2022-04-04 13:08:46.221489,BE0000354630,Corporate bond,The Kingdom of Belgium,0.35,2032-06-22,10000000,EUR,93.92,PERC,,BMTS,BMTS,MTS,1,D2D,MTF,DBFTFN,401616
2022-04-04 13:08:46.194809,BE0000354630,Corporate bond,The Kingdom of Belgium,0.35,2032-06-22,5000000,EUR,93.92,PERC,,BMTS,BMTS,MTS,1,D2D,MTF,DBFTFN,401613
2022-04-04 13:08:46.170329,BE0000354630,Corporate bond,The Kingdom of Belgium,0.35,2032-06-22,5000000,EUR,93.92,PERC,,BMTS,BMTS,MTS,1,D2D,MTF,DBFTFN,401610
2022-04-04 11:54:34.599805,BE0000354630,Corporate bond,The Kingdom of Belgium,0.35,2032-06-22,5000000,EUR,93.63,PERC,,BMTS,BMTS,MTS,1,D2D,MTF,DBFTFN,401229
2022-04-04 11:54:34.591138,BE0000354630,Corporate bond,The Kingdom of Belgium,0.35,2032-06-22,5000000,EUR,93.63,PERC,,BMTS,BMTS,MTS,1,D2D,MTF,DBFTFN,401228
2022-04-04 11:54:34.582679,BE0000354630,Corporate bond,The Kingdom of Belgium,0.35,2032-06-22,5000000,EUR,93.63,PERC,,BMTS,BMTS,MTS,1,D2D,MTF,DBFTFN,401227
2022-04-04 08:33:28.905640,BE0000354630,Corporate bond,The Kingdom of Belgium,0.35,2032-06-22,5000000,EUR,93.63,PERC,,BMTS,BMTS,MTS,1,D2D,MTF,DBFTFN,400323
2022-04-04 08:33:28.885949,BE0000354630,Corporate bond,The Kingdom of Belgium,0.35,2032-06-22,10000000,EUR,93.61,PERC,,BMTS,BMTS,MTS,1,D2D,MTF,DBFTFN,400322
2022-04-04 08:33:28.879563,BE0000354630,Corporate bond,The Kingdom of Belgium,0.35,2032-06-22,5000000,EUR,93.61,PERC,,BMTS,BMTS,MTS,1,D2D,MTF,DBFTFN,400321
2022-04-01 14:56:41.865833,BE0000354630,Corporate bond,The Kingdom of Belgium,0.35,2032-06-22,7000000,EUR,92.95,PERC,,BMTS,BMTS,MTS,1,D2D,MTF,DBFTFN,402444
2022-04-01 14:55:47.980292,BE0000354630,Corporate bond,The Kingdom of Belgium,0.35,2032-06-22,5000000,EUR,92.95,PERC,,BMTS,BMTS,MTS,1,D2D,MTF,DBFTFN,402443
2022-04-01 14:55:47.884156,BE0000354630,Corporate bond,The Kingdom of Belgium,0.35,2032-06-22,5000000,EUR,92.95,PERC,,BMTS,BMTS,MTS,1,D2D,MTF,DBFTFN,402442
2022-04-01 14:55:42.205142,BE0000354630,Corporate bond,The Kingdom of Belgium,0.35,2032-06-22,5000000,EUR,92.95,PERC,,BMTS,BMTS,MTS,1,D2D,MTF,DBFTFN,402441
2022-04-01 14:55:42.105674,BE0000354630,Corporate bond,The Kingdom of Belgium,0.35,2032-06-22,5000000,EUR,92.95,PERC,,BMTS,BMTS,MTS,1,D2D,MTF,DBFTFN,402440
2022-04-01 14:33:11.599909,BE0000354630,Corporate bond,The Kingdom of Belgium,0.35,2032-06-22,5000000,EUR,92.81,PERC,,BMTS,BMTS,MTS,1,D2D,MTF,DBFTFN,402319
2022-04-01 12:13:12.204088,BE0000354630,Corporate bond,The Kingdom of Belgium,0.35,2032-06-22,4000000,EUR,93.08,PERC,,BMTS,BMTS,MTS,1,D2D,MTF,DBFTFN,401519
2022-04-01 09:23:04.453256,BE0000354630,Corporate bond,The Kingdom of Belgium,0.35,2032-06-22,5500000,EUR,93.2,PERC,,BMTS,BMTS,MTS,1,D2D,MTF,DBFTFN,400709
2022-04-01 08:54:54.331998,BE0000354630,Corporate bond,The Kingdom of Belgium,0.35,2032-06-22,4000000,EUR,92.95,PERC,,BMTS,BMTS,MTS,1,D2D,MTF,DBFTFN,400433
2022-03-31 13:38:07.155549,BE0000354630,Corporate bond,The Kingdom of Belgium,0.35,2032-06-22,5000000,EUR,93.18,PERC,,BMTS,BMTS,MTS,1,D2D,MTF,DBFTFN,402590
2022-03-31 13:38:07.146468,BE0000354630,Corporate bond,The Kingdom of Belgium,0.35,2032-06-22,5000000,EUR,93.18,PERC,,BMTS,BMTS,MTS,1,D2D,MTF,DBFTFN,402589
2022-03-31 13:38:07.125662,BE0000354630,Corporate bond,The Kingdom of Belgium,0.35,2032-06-22,10000000,EUR,93.18,PERC,,BMTS,BMTS,MTS,1,D2D,MTF,DBFTFN,402588
2022-03-31 13:38:07.114941,BE0000354630,Corporate bond,The Kingdom of Belgium,0.35,2032-06-22,5000000,EUR,93.18,PERC,,BMTS,BMTS,MTS,1,D2D,MTF,DBFTFN,402587
2022-03-31 13:27:41.246406,BE0000354630,Corporate bond,The Kingdom of Belgium,0.35,2032-06-22,5000000,EUR,93.17,PERC,,BMTS,BMTS,MTS,1,D2D,MTF,DBFTFN,402521
2022-03-31 13:27:41.235847,BE0000354630,Corporate bond,The Kingdom of Belgium,0.35,2032-06-22,5000000,EUR,93.17,PERC,,BMTS,BMTS,MTS,1,D2D,MTF,DBFTFN,402520
2022-03-31 09:47:34.925547,BE0000354630,Corporate bond,The Kingdom of Belgium,0.35,2032-06-22,3000000,EUR,93.09,PERC,,BMTS,BMTS,MTS,1,D2D,MTF,DBFTFN,401088
2022-03-31 09:21:48.951691,BE0000354630,Corporate bond,The Kingdom of Belgium,0.35,2032-06-22,5000000,EUR,92.91,PERC,,BMTS,BMTS,MTS,1,D2D,MTF,DBFTFN,400955
2022-03-30 15:09:43.287871,BE0000354630,Corporate bond,The Kingdom of Belgium,0.35,2032-06-22,10000000,EUR,92.51,PERC,,BMTS,BMTS,MTS,1,D2D,MTF,DBFTFN,403973
2022-03-30 15:09:38.575509,BE0000354630,Corporate bond,The Kingdom of Belgium,0.35,2032-06-22,10000000,EUR,92.51,PERC,,BMTS,BMTS,MTS,1,D2D,MTF,DBFTFN,403972
2022-03-30 15:06:41.239049,BE0000354630,Corporate bond,The Kingdom of Belgium,0.35,2032-06-22,5000000,EUR,92.45,PERC,,BMTS,BMTS,MTS,1,D2D,MTF,DBFTFN,403968
2022-03-30 15:06:23.853969,BE0000354630,Corporate bond,The Kingdom of Belgium,0.35,2032-06-22,3500000,EUR,92.46,PERC,,BMTS,BMTS,MTS,1,D2D,MTF,DBFTFN,403967
2022-03-30 15:06:18.669927,BE0000354630,Corporate bond,The Kingdom of Belgium,0.35,2032-06-22,4500000,EUR,92.46,PERC,,BMTS,BMTS,MTS,1,D2D,MTF,DBFTFN,403965
2022-03-30 15:06:15.567823,BE0000354630,Corporate bond,The Kingdom of Belgium,0.35,2032-06-22,5000000,EUR,92.45,PERC,,BMTS,BMTS,MTS,1,D2D,MTF,DBFTFN,403963
2022-03-30 15:06:03.150616,BE0000354630,Corporate bond,The Kingdom of Belgium,0.35,2032-06-22,5000000,EUR,92.45,PERC,,BMTS,BMTS,MTS,1,D2D,MTF,DBFTFN,403960
2022-03-30 15:06:03.141182,BE0000354630,Corporate bond,The Kingdom of Belgium,0.35,2032-06-22,5000000,EUR,92.44,PERC,,BMTS,BMTS,MTS,1,D2D,MTF,DBFTFN,403959
2022-03-30 15:06:03.130008,BE0000354630,Corporate bond,The Kingdom of Belgium,0.35,2032-06-22,5000000,EUR,92.44,PERC,,BMTS,BMTS,MTS,1,D2D,MTF,DBFTFN,403958
2022-03-30 15:06:03.122318,BE0000354630,Corporate bond,The Kingdom of Belgium,0.35,2032-06-22,10000000,EUR,92.44,PERC,,BMTS,BMTS,MTS,1,D2D,MTF,DBFTFN,403957
2022-03-30 15:06:03.114360,BE0000354630,Corporate bond,The Kingdom of Belgium,0.35,2032-06-22,5000000,EUR,92.44,PERC,,BMTS,BMTS,MTS,1,D2D,MTF,DBFTFN,403956
2022-03-29 10:15:32.576438,BE0000354630,Corporate bond,The Kingdom of Belgium,0.35,2032-06-22,5000000,EUR,92.54,PERC,,BMTS,BMTS,MTS,1,D2D,MTF,DBFTFN,401603
2022-03-29 10:15:32.566117,BE0000354630,Corporate bond,The Kingdom of Belgium,0.35,2032-06-22,5000000,EUR,92.54,PERC,,BMTS,BMTS,MTS,1,D2D,MTF,DBFTFN,401602
2022-03-29 10:15:32.553721,BE0000354630,Corporate bond,The Kingdom of Belgium,0.35,2032-06-22,5000000,EUR,92.54,PERC,,BMTS,BMTS,MTS,1,D2D,MTF,DBFTFN,401601
2022-03-29 10:10:57.178977,BE0000354630,Corporate bond,The Kingdom of Belgium,0.35,2032-06-22,5000000,EUR,92.5,PERC,,BMTS,BMTS,MTS,1,D2D,MTF,DBFTFN,401577
2022-03-29 10:04:32.608556,BE0000354630,Corporate bond,The Kingdom of Belgium,0.35,2032-06-22,5000000,EUR,92.5,PERC,,BMTS,BMTS,MTS,1,D2D,MTF,DBFTFN,401517
2022-03-29 10:04:22.304840,BE0000354630,Corporate bond,The Kingdom of Belgium,0.35,2032-06-22,5000000,EUR,92.5,PERC,,BMTS,BMTS,MTS,1,D2D,MTF,DBFTFN,401515
2022-03-29 10:04:22.288731,BE0000354630,Corporate bond,The Kingdom of Belgium,0.35,2032-06-22,5000000,EUR,92.51,PERC,,BMTS,BMTS,MTS,1,D2D,MTF,DBFTFN,401514
2022-03-29 10:04:22.274024,BE0000354630,Corporate bond,The Kingdom of Belgium,0.35,2032-06-22,5000000,EUR,92.51,PERC,,BMTS,BMTS,MTS,1,D2D,MTF,DBFTFN,401513
2022-03-28 14:00:51.914563,BE0000354630,Corporate bond,The Kingdom of Belgium,0.35,2032-06-22,5000000,EUR,93.48,PERC,,BMTS,BMTS,MTS,1,D2D,MTF,DBFTFN,402890
2022-03-28 14:00:51.902781,BE0000354630,Corporate bond,The Kingdom of Belgium,0.35,2032-06-22,5000000,EUR,93.48,PERC,,BMTS,BMTS,MTS,1,D2D,MTF,DBFTFN,402889
2022-03-28 12:48:58.154890,BE0000354630,Corporate bond,The Kingdom of Belgium,0.35,2032-06-22,2500000,EUR,93.68,PERC,,BMTS,BMTS,MTS,1,D2D,MTF,DBFTFN,402347
2022-03-28 07:36:16.971090,BE0000354630,Corporate bond,The Kingdom of Belgium,0.35,2032-06-22,2500000,EUR,93.24,PERC,,BMTS,BMTS,MTS,1,D2D,MTF,DBFTFN,400173
2022-03-25 09:55:54.156725,BE0000354630,Corporate bond,The Kingdom of Belgium,0.35,2032-06-22,5000000,EUR,93.96,PERC,,BMTS,BMTS,MTS,1,D2D,MTF,DBFTFN,400365
2022-03-25 09:55:54.143897,BE0000354630,Corporate bond,The Kingdom of Belgium,0.35,2032-06-22,5000000,EUR,93.96,PERC,,BMTS,BMTS,MTS,1,D2D,MTF,DBFTFN,400364
2022-03-25 09:55:54.128760,BE0000354630,Corporate bond,The Kingdom of Belgium,0.35,2032-06-22,10000000,EUR,93.95,PERC,,BMTS,BMTS,MTS,1,D2D,MTF,DBFTFN,400363
2022-03-25 09:55:54.107551,BE0000354630,Corporate bond,The Kingdom of Belgium,0.35,2032-06-22,10000000,EUR,93.94,PERC,,BMTS,BMTS,MTS,1,D2D,MTF,DBFTFN,400362
2022-03-25 09:45:37.365846,BE0000354630,Corporate bond,The Kingdom of Belgium,0.35,2032-06-22,10000000,EUR,94.04,PERC,,BMTS,BMTS,MTS,1,D2D,MTF,DBFTFN,400310
2022-03-24 15:25:14.739535,BE0000354630,Corporate bond,The Kingdom of Belgium,0.35,2032-06-22,2500000,EUR,93.78,PERC,,BMTS,BMTS,MTS,1,D2D,MTF,DBFTFN,402383
2022-03-24 15:05:11.573041,BE0000354630,Corporate bond,The Kingdom of Belgium,0.35,2032-06-22,5000000,EUR,93.73,PERC,,BMTS,BMTS,MTS,1,D2D,MTF,DBFTFN,402273
2022-03-24 15:05:11.558193,BE0000354630,Corporate bond,The Kingdom of Belgium,0.35,2032-06-22,5000000,EUR,93.74,PERC,,BMTS,BMTS,MTS,1,D2D,MTF,DBFTFN,402272
2022-03-24 15:05:11.540615,BE0000354630,Corporate bond,The Kingdom of Belgium,0.35,2032-06-22,5000000,EUR,93.76,PERC,,BMTS,BMTS,MTS,1,D2D,MTF,DBFTFN,402271
2022-03-24 15:05:11.527650,BE0000354630,Corporate bond,The Kingdom of Belgium,0.35,2032-06-22,5000000,EUR,93.77,PERC,,BMTS,BMTS,MTS,1,D2D,MTF,DBFTFN,402270
2022-03-24 15:01:04.734708,BE0000354630,Corporate bond,The Kingdom of Belgium,0.35,2032-06-22,2500000,EUR,93.78,PERC,,BMTS,BMTS,MTS,1,D2D,MTF,DBFTFN,402251
2022-03-24 12:56:22.688373,BE0000354630,Corporate bond,The Kingdom of Belgium,0.35,2032-06-22,2500000,EUR,93.8,PERC,,BMTS,BMTS,MTS,1,D2D,MTF,DBFTFN,401622
2022-03-24 12:36:53.675928,BE0000354630,Corporate bond,The Kingdom of Belgium,0.35,2032-06-22,5000000,EUR,93.75,PERC,,BMTS,BMTS,MTS,1,D2D,MTF,DBFTFN,401583
2022-03-24 12:35:39.485558,BE0000354630,Corporate bond,The Kingdom of Belgium,0.35,2032-06-22,5000000,EUR,93.7,PERC,,BMTS,BMTS,MTS,1,D2D,MTF,DBFTFN,401579
2022-03-24 12:24:23.858357,BE0000354630,Corporate bond,The Kingdom of Belgium,0.35,2032-06-22,5000000,EUR,93.75,PERC,,BMTS,BMTS,MTS,1,D2D,MTF,DBFTFN,401491
2022-03-24 11:40:01.386359,BE0000354630,Corporate bond,The Kingdom of Belgium,0.35,2032-06-22,5000000,EUR,93.69,PERC,,BMTS,BMTS,MTS,1,D2D,MTF,DBFTFN,401341
