Historical Rts2 Post Trade Microsecond,Historical Rts2 Instrument Identification Code,Bond Type Bond Type Desc,Instruments New Issuer Name,Instruments New Bond Fixed Rate,Instruments New Bond Maturity Date,Historical Rts2 Notional Amount,Historical Rts2 Notional Currency,Historical Rts2 Price,Historical Rts2 Price Notation,Historical Rts2 Flag List,Historical Rts2 Venue of Execution,Historical Rts2 Venue of Publication,Mifid Entities Commercial Name,Historical Rts2 Transaction Count,Mifid Entities Platform Type,Mifid Entities Trading Venue Types,Instruments New Cfi,Historical Rts2 Transaction Identification Code
2022-07-21 15:41:35.813000,BE0000354630,Corporate bond,The Kingdom of Belgium,0.35,2032-06-22,134000,EUR,86.545,PERC,,TWEM,TWEM,TRADEWEB,1,D2C,MTF,DBFTFN,'3605511932733299170
2022-07-21 15:16:06.247000,BE0000354630,Corporate bond,The Kingdom of Belgium,0.35,2032-06-22,168000,EUR,86.77,PERC,,TWEM,TWEM,TRADEWEB,1,D2C,MTF,DBFTFN,'3605511932733298778
2022-07-21 15:15:24.426000,BE0000354630,Corporate bond,The Kingdom of Belgium,0.35,2032-06-22,2250,EUR,86.761,PERC,,TWEM,TWEM,TRADEWEB,1,D2C,MTF,DBFTFN,'3605511932733298618
2022-07-21 15:15:07.188000,BE0000354630,Corporate bond,The Kingdom of Belgium,0.35,2032-06-22,140000,EUR,86.756,PERC,,TWEM,TWEM,TRADEWEB,1,D2C,MTF,DBFTFN,'3605511932733298502
2022-07-19 15:52:21.741000,BE0000354630,Corporate bond,The Kingdom of Belgium,0.35,2032-06-22,450000,EUR,86.349,PERC,,TWEM,TWEM,TRADEWEB,1,D2C,MTF,DBFTFN,'3605509733710042792
2022-07-19 15:46:49.564000,BE0000354630,Corporate bond,The Kingdom of Belgium,0.35,2032-06-22,450000,EUR,86.309,PERC,,TWEM,TWEM,TRADEWEB,1,D2C,MTF,DBFTFN,'3605509733710042785
2022-07-19 15:14:07.130000,BE0000354630,Corporate bond,The Kingdom of Belgium,0.35,2032-06-22,750000,EUR,86.346,PERC,,TWEM,TWEM,TRADEWEB,1,D2C,MTF,DBFTFN,'3605509733710042141
2022-07-19 15:14:04.980000,BE0000354630,Corporate bond,The Kingdom of Belgium,0.35,2032-06-22,10000,EUR,86.336,PERC,,TWEM,TWEM,TRADEWEB,1,D2C,MTF,DBFTFN,'3605509733710042194
2022-07-19 13:24:54.626000,BE0000354630,Corporate bond,The Kingdom of Belgium,0.35,2032-06-22,725.81,EUR,86.46,PERC,,TWEM,TWEM,TRADEWEB,1,D2C,MTF,DBFTFN,'3605509733710040467
2022-07-19 10:29:48.074000,BE0000354630,Corporate bond,The Kingdom of Belgium,0.35,2032-06-22,79000,EUR,86.431,PERC,,TWEM,TWEM,TRADEWEB,1,D2C,MTF,DBFTFN,'3605509733710039016
2022-07-19 05:03:40.000000,BE0000354630,Corporate bond,The Kingdom of Belgium,0.35,2032-06-22,19050000,EUR,86.783423,PERC,IDAF,TWEM,TWEM,TRADEWEB,4,D2C,MTF,DBFTFN,'7208389435606433854
2022-07-18 15:14:10.302000,BE0000354630,Corporate bond,The Kingdom of Belgium,0.35,2032-06-22,300000,EUR,86.6,PERC,,TWEM,TWEM,TRADEWEB,1,D2C,MTF,DBFTFN,'3605508634198414063
2022-07-18 11:50:24.677000,BE0000354630,Corporate bond,The Kingdom of Belgium,0.35,2032-06-22,1700000,EUR,86.526,PERC,,TWEM,TWEM,TRADEWEB,1,D2C,MTF,DBFTFN,'3605508634198411981
2022-07-15 15:14:02.177000,BE0000354630,Corporate bond,The Kingdom of Belgium,0.35,2032-06-22,10000,EUR,87.253,PERC,,TWEM,TWEM,TRADEWEB,1,D2C,MTF,DBFTFN,'3605505335663530132
2022-07-15 15:13:05.743000,BE0000354630,Corporate bond,The Kingdom of Belgium,0.35,2032-06-22,150000,EUR,87.246,PERC,,TWEM,TWEM,TRADEWEB,1,D2C,MTF,DBFTFN,'3605505335663530018
2022-07-15 12:46:55.157000,BE0000354630,Corporate bond,The Kingdom of Belgium,0.35,2032-06-22,600000,EUR,87.128,PERC,,TWEM,TWEM,TRADEWEB,1,D2C,MTF,DBFTFN,'3605505335663528868
2022-07-15 10:11:00.334000,BE0000354630,Corporate bond,The Kingdom of Belgium,0.35,2032-06-22,13000,EUR,87.148,PERC,,TWEM,TWEM,TRADEWEB,1,D2C,MTF,DBFTFN,'3605505335663527735
2022-07-14 15:48:01.258000,BE0000354630,Corporate bond,The Kingdom of Belgium,0.35,2032-06-22,232000,EUR,86.965,PERC,,TWEM,TWEM,TRADEWEB,1,D2C,MTF,DBFTFN,'3605504236151904063
2022-07-14 11:25:13.965000,BE0000354630,Corporate bond,The Kingdom of Belgium,0.35,2032-06-22,5000,EUR,86.51,PERC,,TWEM,TWEM,TRADEWEB,1,D2C,MTF,DBFTFN,'3605504236151901042
2022-07-13 15:13:14.220000,BE0000354630,Corporate bond,The Kingdom of Belgium,0.35,2032-06-22,200000,EUR,87.082,PERC,,TWEM,TWEM,TRADEWEB,1,D2C,MTF,DBFTFN,'3605503136640275355
2022-07-13 14:49:24.649000,BE0000354630,Corporate bond,The Kingdom of Belgium,0.35,2032-06-22,867000,EUR,87.356,PERC,,TWEM,TWEM,TRADEWEB,1,D2C,MTF,DBFTFN,'3605503136640275021
2022-07-13 11:20:35.133000,BE0000354630,Corporate bond,The Kingdom of Belgium,0.35,2032-06-22,1100000,EUR,87.268,PERC,,TWEM,TWEM,TRADEWEB,1,D2C,MTF,DBFTFN,'3605503136640272687
2022-07-13 11:17:40.256000,BE0000354630,Corporate bond,The Kingdom of Belgium,0.35,2032-06-22,1000,EUR,87.262,PERC,,TWEM,TWEM,TRADEWEB,1,D2C,MTF,DBFTFN,'3605503136640272682
2022-07-12 15:14:15.469000,BE0000354630,Corporate bond,The Kingdom of Belgium,0.35,2032-06-22,200000,EUR,87.452,PERC,,TWEM,TWEM,TRADEWEB,1,D2C,MTF,DBFTFN,'3605502037128647615
2022-07-12 14:39:56.755000,BE0000354630,Corporate bond,The Kingdom of Belgium,0.35,2032-06-22,80000,EUR,87.414,PERC,,TWEM,TWEM,TRADEWEB,1,D2C,MTF,DBFTFN,'3605502037128647144
2022-07-12 13:40:46.016000,BE0000354630,Corporate bond,The Kingdom of Belgium,0.35,2032-06-22,150.15,EUR,87.485,PERC,,TWEM,TWEM,TRADEWEB,1,D2C,MTF,DBFTFN,'3605502037128646520
2022-07-12 11:17:54.430000,BE0000354630,Corporate bond,The Kingdom of Belgium,0.35,2032-06-22,480000,EUR,87.302,PERC,,TWEM,TWEM,TRADEWEB,1,D2C,MTF,DBFTFN,'3605502037128645469
2022-07-12 10:33:41.960000,BE0000354630,Corporate bond,The Kingdom of Belgium,0.35,2032-06-22,400000,EUR,87.33,PERC,,TWEM,TWEM,TRADEWEB,1,D2C,MTF,DBFTFN,'3605502037128644935
2022-07-12 10:32:43.517000,BE0000354630,Corporate bond,The Kingdom of Belgium,0.35,2032-06-22,400000,EUR,87.312,PERC,,TWEM,TWEM,TRADEWEB,1,D2C,MTF,DBFTFN,'3605502037128644875
2022-07-12 10:32:06.818000,BE0000354630,Corporate bond,The Kingdom of Belgium,0.35,2032-06-22,1000,EUR,87.303,PERC,,TWEM,TWEM,TRADEWEB,1,D2C,MTF,DBFTFN,'3605502037128644839
2022-07-12 10:31:33.689000,BE0000354630,Corporate bond,The Kingdom of Belgium,0.35,2032-06-22,400000,EUR,87.311,PERC,,TWEM,TWEM,TRADEWEB,1,D2C,MTF,DBFTFN,'3605502037128644802
2022-07-12 05:03:19.000000,BE0000354630,Corporate bond,The Kingdom of Belgium,0.35,2032-06-22,193678000,EUR,85.836806,PERC,IDAF,TWEM,TWEM,TRADEWEB,8,D2C,MTF,DBFTFN,'7208381739025039520
2022-07-11 15:20:34.972000,BE0000354630,Corporate bond,The Kingdom of Belgium,0.35,2032-06-22,5016.37,EUR,86.303,PERC,,TWEM,TWEM,TRADEWEB,1,D2C,MTF,DBFTFN,'3605500937617020036
2022-07-11 15:11:37.204000,BE0000354630,Corporate bond,The Kingdom of Belgium,0.35,2032-06-22,330000,EUR,86.404,PERC,,TWEM,TWEM,TRADEWEB,1,D2C,MTF,DBFTFN,'3605500937617019600
2022-07-11 10:49:42.521000,BE0000354630,Corporate bond,The Kingdom of Belgium,0.35,2032-06-22,2000,EUR,85.947,PERC,,TWEM,TWEM,TRADEWEB,1,D2C,MTF,DBFTFN,'3605500937617017008
2022-07-08 15:15:10.188000,BE0000354630,Corporate bond,The Kingdom of Belgium,0.35,2032-06-22,45000,EUR,85.537,PERC,,TWEM,TWEM,TRADEWEB,1,D2C,MTF,DBFTFN,'3605497639082136682
2022-07-08 14:20:44.733000,BE0000354630,Corporate bond,The Kingdom of Belgium,0.35,2032-06-22,36000,EUR,85.845,PERC,,TWEM,TWEM,TRADEWEB,1,D2C,MTF,DBFTFN,'3605497639082135879
2022-07-08 13:07:13.110000,BE0000354630,Corporate bond,The Kingdom of Belgium,0.35,2032-06-22,200000,EUR,85.712,PERC,,TWEM,TWEM,TRADEWEB,1,D2C,MTF,DBFTFN,'3605497639082134898
2022-07-08 08:12:35.884000,BE0000354630,Corporate bond,The Kingdom of Belgium,0.35,2032-06-22,50000,EUR,85.941,PERC,,TWEM,TWEM,TRADEWEB,1,D2C,MTF,DBFTFN,'3605497639082132135
2022-07-07 15:15:30.623000,BE0000354630,Corporate bond,The Kingdom of Belgium,0.35,2032-06-22,2000,EUR,85.862,PERC,,TWEM,TWEM,TRADEWEB,1,D2C,MTF,DBFTFN,'3605496539570510141
2022-07-07 14:05:13.765000,BE0000354630,Corporate bond,The Kingdom of Belgium,0.35,2032-06-22,1250000,EUR,85.852,PERC,,TWEM,TWEM,TRADEWEB,1,D2C,MTF,DBFTFN,'3605496539570508792
2022-07-06 15:15:27.715000,BE0000354630,Corporate bond,The Kingdom of Belgium,0.35,2032-06-22,5000,EUR,86.577,PERC,,TWEM,TWEM,TRADEWEB,1,D2C,MTF,DBFTFN,'3605495440058882294
2022-07-06 15:15:18.003000,BE0000354630,Corporate bond,The Kingdom of Belgium,0.35,2032-06-22,510000,EUR,86.562,PERC,,TWEM,TWEM,TRADEWEB,1,D2C,MTF,DBFTFN,'3605495440058882231
2022-07-06 13:36:59.904000,BE0000354630,Corporate bond,The Kingdom of Belgium,0.35,2032-06-22,3000,EUR,86.837,PERC,,TWEM,TWEM,TRADEWEB,1,D2C,MTF,DBFTFN,'3605495440058880420
2022-07-06 13:26:12.935000,BE0000354630,Corporate bond,The Kingdom of Belgium,0.35,2032-06-22,1450000,EUR,86.967,PERC,,TWEM,TWEM,TRADEWEB,1,D2C,MTF,DBFTFN,'3605495440058880142
2022-07-06 07:31:42.376000,BE0000354630,Corporate bond,The Kingdom of Belgium,0.35,2032-06-22,79000,EUR,86.089,PERC,,TWEM,TWEM,TRADEWEB,1,D2C,MTF,DBFTFN,'3605495440058876239
2022-07-05 15:56:10.282000,BE0000354630,Corporate bond,The Kingdom of Belgium,0.35,2032-06-22,120000,EUR,86.259,PERC,,TWEM,TWEM,TRADEWEB,1,D2C,MTF,DBFTFN,'3605494340547254384
2022-07-05 14:22:39.045000,BE0000354630,Corporate bond,The Kingdom of Belgium,0.35,2032-06-22,995000,EUR,85.845,PERC,,TWEM,TWEM,TRADEWEB,1,D2C,MTF,DBFTFN,'3605494340547253245
2022-07-05 13:13:57.270000,BE0000354630,Corporate bond,The Kingdom of Belgium,0.35,2032-06-22,300000,EUR,85.927,PERC,,TWEM,TWEM,TRADEWEB,1,D2C,MTF,DBFTFN,'3605494340547252287
2022-07-05 13:11:38.994000,BE0000354630,Corporate bond,The Kingdom of Belgium,0.35,2032-06-22,2000000,EUR,85.845,PERC,,TWEM,TWEM,TRADEWEB,1,D2C,MTF,DBFTFN,'3605494340547252256
2022-07-05 11:39:18.077000,BE0000354630,Corporate bond,The Kingdom of Belgium,0.35,2032-06-22,1000,EUR,85.302,PERC,,TWEM,TWEM,TRADEWEB,1,D2C,MTF,DBFTFN,'3605494340547250919
2022-07-05 11:39:17.282000,BE0000354630,Corporate bond,The Kingdom of Belgium,0.35,2032-06-22,2000,EUR,85.285,PERC,,TWEM,TWEM,TRADEWEB,1,D2C,MTF,DBFTFN,'3605494340547250912
2022-07-05 09:54:18.290000,BE0000354630,Corporate bond,The Kingdom of Belgium,0.35,2032-06-22,1000000,EUR,85.535,PERC,,TWEM,TWEM,TRADEWEB,1,D2C,MTF,DBFTFN,'3605494340547249993
2022-07-05 05:03:48.000000,BE0000354630,Corporate bond,The Kingdom of Belgium,0.35,2032-06-22,202768650,EUR,84.739799,PERC,IDAF,TWEM,TWEM,TRADEWEB,9,D2C,MTF,DBFTFN,'7208374042443644991
2022-07-04 15:19:48.657000,BE0000354630,Corporate bond,The Kingdom of Belgium,0.35,2032-06-22,800000,EUR,84.99,PERC,,TWEM,TWEM,TRADEWEB,1,D2C,MTF,DBFTFN,'3605493241035625784
2022-07-04 15:15:23.338000,BE0000354630,Corporate bond,The Kingdom of Belgium,0.35,2032-06-22,580000,EUR,85.003,PERC,,TWEM,TWEM,TRADEWEB,1,D2C,MTF,DBFTFN,'3605493241035625679
2022-07-04 15:15:03.955000,BE0000354630,Corporate bond,The Kingdom of Belgium,0.35,2032-06-22,8200,EUR,84.993,PERC,,TWEM,TWEM,TRADEWEB,1,D2C,MTF,DBFTFN,'3605493241035625480
2022-07-04 15:14:09.606000,BE0000354630,Corporate bond,The Kingdom of Belgium,0.35,2032-06-22,900000,EUR,85.007,PERC,,TWEM,TWEM,TRADEWEB,1,D2C,MTF,DBFTFN,'3605493241035625392
2022-07-04 13:02:53.094000,BE0000354630,Corporate bond,The Kingdom of Belgium,0.35,2032-06-22,1500000,EUR,85.126,PERC,,TWEM,TWEM,TRADEWEB,1,D2C,MTF,DBFTFN,'3605493241035623895
2022-07-04 12:27:19.931000,BE0000354630,Corporate bond,The Kingdom of Belgium,0.35,2032-06-22,700000,EUR,85.165,PERC,,TWEM,TWEM,TRADEWEB,1,D2C,MTF,DBFTFN,'3605493241035623556
2022-07-04 08:17:39.722000,BE0000354630,Corporate bond,The Kingdom of Belgium,0.35,2032-06-22,500000,EUR,85.866,PERC,,TWEM,TWEM,TRADEWEB,1,D2C,MTF,DBFTFN,'3605493241035621143
2022-07-01 15:14:34.008000,BE0000354630,Corporate bond,The Kingdom of Belgium,0.35,2032-06-22,200000,EUR,86.263,PERC,,TWEM,TWEM,TRADEWEB,1,D2C,MTF,DBFTFN,'3605489942500743505
2022-07-01 15:14:33.949000,BE0000354630,Corporate bond,The Kingdom of Belgium,0.35,2032-06-22,1000000,EUR,86.26,PERC,,TWEM,TWEM,TRADEWEB,1,D2C,MTF,DBFTFN,'3605489942500743506
2022-07-01 15:14:04.717000,BE0000354630,Corporate bond,The Kingdom of Belgium,0.35,2032-06-22,100000,EUR,86.227,PERC,,TWEM,TWEM,TRADEWEB,1,D2C,MTF,DBFTFN,'3605489942500743463
2022-07-01 15:14:03.215000,BE0000354630,Corporate bond,The Kingdom of Belgium,0.35,2032-06-22,200000,EUR,86.208,PERC,,TWEM,TWEM,TRADEWEB,1,D2C,MTF,DBFTFN,'3605489942500743479
2022-07-01 13:27:56.334000,BE0000354630,Corporate bond,The Kingdom of Belgium,0.35,2032-06-22,400000,EUR,85.908,PERC,,TWEM,TWEM,TRADEWEB,1,D2C,MTF,DBFTFN,'3605489942500741906
2022-07-01 11:36:26.741000,BE0000354630,Corporate bond,The Kingdom of Belgium,0.35,2032-06-22,2000,EUR,85.46,PERC,,TWEM,TWEM,TRADEWEB,1,D2C,MTF,DBFTFN,'3605489942500740382
2022-07-01 10:36:05.118000,BE0000354630,Corporate bond,The Kingdom of Belgium,0.35,2032-06-22,900000,EUR,85.02,PERC,,TWEM,TWEM,TRADEWEB,1,D2C,MTF,DBFTFN,'3605489942500739642
2022-07-01 10:08:38.233000,BE0000354630,Corporate bond,The Kingdom of Belgium,0.35,2032-06-22,2600000,EUR,84.935,PERC,,TWEM,TWEM,TRADEWEB,1,D2C,MTF,DBFTFN,'3605489942500739428
2022-07-01 08:08:07.628000,BE0000354630,Corporate bond,The Kingdom of Belgium,0.35,2032-06-22,2000000,EUR,84.702,PERC,,TWEM,TWEM,TRADEWEB,1,D2C,MTF,DBFTFN,'3605489942500737946
2022-07-01 07:51:32.471000,BE0000354630,Corporate bond,The Kingdom of Belgium,0.35,2032-06-22,30000,EUR,84.93,PERC,,TWEM,TWEM,TRADEWEB,1,D2C,MTF,DBFTFN,'3605489942500737743
2022-07-01 07:33:13.839000,BE0000354630,Corporate bond,The Kingdom of Belgium,0.35,2032-06-22,1600000,EUR,85.076,PERC,,TWEM,TWEM,TRADEWEB,1,D2C,MTF,DBFTFN,'3605489942500737536
2022-07-01 06:31:45.549000,BE0000354630,Corporate bond,The Kingdom of Belgium,0.35,2032-06-22,60000,EUR,84.947,PERC,,TWEM,TWEM,TRADEWEB,1,D2C,MTF,DBFTFN,'3605489942500737040
2022-06-30 15:25:46.071000,BE0000354630,Corporate bond,The Kingdom of Belgium,0.35,2032-06-22,32000,EUR,84.99,PERC,,TWEM,TWEM,TRADEWEB,1,D2C,MTF,DBFTFN,'3605488842989118936
2022-06-30 15:25:15.260000,BE0000354630,Corporate bond,The Kingdom of Belgium,0.35,2032-06-22,65103.34,EUR,85.004,PERC,,TWEM,TWEM,TRADEWEB,1,D2C,MTF,DBFTFN,'3605488842989118916
2022-06-30 15:25:15.194000,BE0000354630,Corporate bond,The Kingdom of Belgium,0.35,2032-06-22,59041.26,EUR,85.03,PERC,,TWEM,TWEM,TRADEWEB,1,D2C,MTF,DBFTFN,'3605488842989118915
2022-06-30 15:24:47.768000,BE0000354630,Corporate bond,The Kingdom of Belgium,0.35,2032-06-22,178000,EUR,84.992,PERC,,TWEM,TWEM,TRADEWEB,1,D2C,MTF,DBFTFN,'3605488842989118879
2022-06-30 15:24:25.781000,BE0000354630,Corporate bond,The Kingdom of Belgium,0.35,2032-06-22,296000,EUR,84.988,PERC,,TWEM,TWEM,TRADEWEB,1,D2C,MTF,DBFTFN,'3605488842989118800
2022-06-30 15:19:43.490000,BE0000354630,Corporate bond,The Kingdom of Belgium,0.35,2032-06-22,1700000,EUR,84.938,PERC,,TWEM,TWEM,TRADEWEB,1,D2C,MTF,DBFTFN,'3605488842989118626
2022-06-30 15:17:36.520000,BE0000354630,Corporate bond,The Kingdom of Belgium,0.35,2032-06-22,76000,EUR,84.867,PERC,,TWEM,TWEM,TRADEWEB,1,D2C,MTF,DBFTFN,'3605488842989118503
2022-06-30 15:16:22.066000,BE0000354630,Corporate bond,The Kingdom of Belgium,0.35,2032-06-22,500000,EUR,84.857,PERC,,TWEM,TWEM,TRADEWEB,1,D2C,MTF,DBFTFN,'3605488842989118086
2022-06-30 15:16:19.724000,BE0000354630,Corporate bond,The Kingdom of Belgium,0.35,2032-06-22,228000,EUR,84.84,PERC,,TWEM,TWEM,TRADEWEB,1,D2C,MTF,DBFTFN,'3605488842989118054
2022-06-30 15:16:06.234000,BE0000354630,Corporate bond,The Kingdom of Belgium,0.35,2032-06-22,32000,EUR,84.838,PERC,,TWEM,TWEM,TRADEWEB,1,D2C,MTF,DBFTFN,'3605488842989117834
2022-06-30 15:16:01.157000,BE0000354630,Corporate bond,The Kingdom of Belgium,0.35,2032-06-22,2800000,EUR,84.848,PERC,,TWEM,TWEM,TRADEWEB,1,D2C,MTF,DBFTFN,'3605488842989117750
2022-06-30 15:15:33.571000,BE0000354630,Corporate bond,The Kingdom of Belgium,0.35,2032-06-22,100000,EUR,84.828,PERC,,TWEM,TWEM,TRADEWEB,1,D2C,MTF,DBFTFN,'3605488842989117176
2022-06-30 15:15:11.758000,BE0000354630,Corporate bond,The Kingdom of Belgium,0.35,2032-06-22,440000,EUR,84.828,PERC,,TWEM,TWEM,TRADEWEB,1,D2C,MTF,DBFTFN,'3605488842989116726
2022-06-30 15:15:10.055000,BE0000354630,Corporate bond,The Kingdom of Belgium,0.35,2032-06-22,1700000,EUR,84.829,PERC,,TWEM,TWEM,TRADEWEB,1,D2C,MTF,DBFTFN,'3605488842989116671
2022-06-30 15:15:04.224000,BE0000354630,Corporate bond,The Kingdom of Belgium,0.35,2032-06-22,34000,EUR,84.826,PERC,,TWEM,TWEM,TRADEWEB,1,D2C,MTF,DBFTFN,'3605488842989116552
2022-06-30 15:14:42.044000,BE0000354630,Corporate bond,The Kingdom of Belgium,0.35,2032-06-22,983000,EUR,84.825,PERC,,TWEM,TWEM,TRADEWEB,1,D2C,MTF,DBFTFN,'3605488842989116433
2022-06-30 15:14:15.201000,BE0000354630,Corporate bond,The Kingdom of Belgium,0.35,2032-06-22,50000,EUR,84.843,PERC,,TWEM,TWEM,TRADEWEB,1,D2C,MTF,DBFTFN,'3605488842989116157
2022-06-30 15:14:09.266000,BE0000354630,Corporate bond,The Kingdom of Belgium,0.35,2032-06-22,1650000,EUR,84.856,PERC,,TWEM,TWEM,TRADEWEB,1,D2C,MTF,DBFTFN,'3605488842989116191
2022-06-30 15:14:03.291000,BE0000354630,Corporate bond,The Kingdom of Belgium,0.35,2032-06-22,464000,EUR,84.836,PERC,,TWEM,TWEM,TRADEWEB,1,D2C,MTF,DBFTFN,'3605488842989116035
2022-06-30 15:13:30.224000,BE0000354630,Corporate bond,The Kingdom of Belgium,0.35,2032-06-22,682000,EUR,84.82,PERC,,TWEM,TWEM,TRADEWEB,1,D2C,MTF,DBFTFN,'3605488842989115785
2022-06-30 15:13:23.129000,BE0000354630,Corporate bond,The Kingdom of Belgium,0.35,2032-06-22,136000,EUR,84.807,PERC,,TWEM,TWEM,TRADEWEB,1,D2C,MTF,DBFTFN,'3605488842989115735
2022-06-30 15:13:19.512000,BE0000354630,Corporate bond,The Kingdom of Belgium,0.35,2032-06-22,400000,EUR,84.811,PERC,,TWEM,TWEM,TRADEWEB,1,D2C,MTF,DBFTFN,'3605488842989115706
2022-06-30 15:12:35.211000,BE0000354630,Corporate bond,The Kingdom of Belgium,0.35,2032-06-22,105000,EUR,84.796,PERC,,TWEM,TWEM,TRADEWEB,1,D2C,MTF,DBFTFN,'3605488842989115585
2022-06-30 14:44:25.828000,BE0000354630,Corporate bond,The Kingdom of Belgium,0.35,2032-06-22,1740000,EUR,85.003,PERC,,TWEM,TWEM,TRADEWEB,1,D2C,MTF,DBFTFN,'3605488842989114988
2022-06-30 14:30:04.462000,BE0000354630,Corporate bond,The Kingdom of Belgium,0.35,2032-06-22,228000,EUR,84.802,PERC,,TWEM,TWEM,TRADEWEB,1,D2C,MTF,DBFTFN,'3605488842989114640
2022-06-30 12:15:47.064000,BE0000354630,Corporate bond,The Kingdom of Belgium,0.35,2032-06-22,3000,EUR,84.847,PERC,,TWEM,TWEM,TRADEWEB,1,D2C,MTF,DBFTFN,'3605488842989112756
2022-06-30 12:07:55.799000,BE0000354630,Corporate bond,The Kingdom of Belgium,0.35,2032-06-22,1000,EUR,84.857,PERC,,TWEM,TWEM,TRADEWEB,1,D2C,MTF,DBFTFN,'3605488842989112671
2022-06-30 09:25:10.584000,BE0000354630,Corporate bond,The Kingdom of Belgium,0.35,2032-06-22,,EUR,84.673,PERC,TPAC VOLO,TWEM,TWEM,TRADEWEB,1,D2C,MTF,DBFTFN,'7208372942932017492
2022-06-29 15:15:04.867000,BE0000354630,Corporate bond,The Kingdom of Belgium,0.35,2032-06-22,31000,EUR,84.081,PERC,,TWEM,TWEM,TRADEWEB,1,D2C,MTF,DBFTFN,'3605487743477487290
2022-06-29 15:14:18.601000,BE0000354630,Corporate bond,The Kingdom of Belgium,0.35,2032-06-22,250000,EUR,84.084,PERC,,TWEM,TWEM,TRADEWEB,1,D2C,MTF,DBFTFN,'3605487743477487227
2022-06-29 15:02:59.448000,BE0000354630,Corporate bond,The Kingdom of Belgium,0.35,2032-06-22,711000,EUR,83.985,PERC,,TWEM,TWEM,TRADEWEB,1,D2C,MTF,DBFTFN,'3605487743477487016
2022-06-29 14:49:21.840000,BE0000354630,Corporate bond,The Kingdom of Belgium,0.35,2032-06-22,2581.7,EUR,83.863,PERC,,TWEM,TWEM,TRADEWEB,1,D2C,MTF,DBFTFN,'3605487743477486653
2022-06-29 14:23:17.175000,BE0000354630,Corporate bond,The Kingdom of Belgium,0.35,2032-06-22,950000,EUR,83.802,PERC,,TWEM,TWEM,TRADEWEB,1,D2C,MTF,DBFTFN,'3605487743477486331
2022-06-29 13:51:21.772000,BE0000354630,Corporate bond,The Kingdom of Belgium,0.35,2032-06-22,4506.76,EUR,83.399,PERC,,TWEM,TWEM,TRADEWEB,1,D2C,MTF,DBFTFN,'3605487743477486007
2022-06-29 11:00:21.787000,BE0000354630,Corporate bond,The Kingdom of Belgium,0.35,2032-06-22,247000,EUR,83.34,PERC,,TWEM,TWEM,TRADEWEB,1,D2C,MTF,DBFTFN,'3605487743477484286
2022-06-28 15:20:49.264000,BE0000354630,Corporate bond,The Kingdom of Belgium,0.35,2032-06-22,2188.53,EUR,82.988,PERC,,TWEM,TWEM,TRADEWEB,1,D2C,MTF,DBFTFN,'3605486643965859330
2022-06-28 15:15:10.981000,BE0000354630,Corporate bond,The Kingdom of Belgium,0.35,2032-06-22,100000,EUR,83.073,PERC,,TWEM,TWEM,TRADEWEB,1,D2C,MTF,DBFTFN,'3605486643965858982
2022-06-28 14:07:36.612000,BE0000354630,Corporate bond,The Kingdom of Belgium,0.35,2032-06-22,38985.74,EUR,83.138,PERC,,TWEM,TWEM,TRADEWEB,1,D2C,MTF,DBFTFN,'3605486643965857959
2022-06-28 12:09:53.070000,BE0000354630,Corporate bond,The Kingdom of Belgium,0.35,2032-06-22,1500000,EUR,83.203,PERC,,TWEM,TWEM,TRADEWEB,1,D2C,MTF,DBFTFN,'3605486643965856746
2022-06-28 05:03:45.000000,BE0000354630,Corporate bond,The Kingdom of Belgium,0.35,2032-06-22,57970000,EUR,83.784435,PERC,IDAF,TWEM,TWEM,TRADEWEB,5,D2C,MTF,DBFTFN,'7208366345862250576
2022-06-27 15:36:56.832000,BE0000354630,Corporate bond,The Kingdom of Belgium,0.35,2032-06-22,2277.52,EUR,83.863,PERC,,TWEM,TWEM,TRADEWEB,1,D2C,MTF,DBFTFN,'3605485544454231628
2022-06-27 14:03:58.742000,BE0000354630,Corporate bond,The Kingdom of Belgium,0.35,2032-06-22,20128.13,EUR,83.971,PERC,,TWEM,TWEM,TRADEWEB,1,D2C,MTF,DBFTFN,'3605485544454230393
2022-06-27 14:03:57.633000,BE0000354630,Corporate bond,The Kingdom of Belgium,0.35,2032-06-22,222376.33,EUR,83.971,PERC,,TWEM,TWEM,TRADEWEB,1,D2C,MTF,DBFTFN,'3605485544454230392
2022-06-27 13:13:16.755000,BE0000354630,Corporate bond,The Kingdom of Belgium,0.35,2032-06-22,249100.51,EUR,83.892,PERC,,TWEM,TWEM,TRADEWEB,1,D2C,MTF,DBFTFN,'3605485544454229647
2022-06-27 12:42:11.085000,BE0000354630,Corporate bond,The Kingdom of Belgium,0.35,2032-06-22,411000,EUR,83.765,PERC,,TWEM,TWEM,TRADEWEB,1,D2C,MTF,DBFTFN,'3605485544454229333
2022-06-27 12:27:53.046000,BE0000354630,Corporate bond,The Kingdom of Belgium,0.35,2032-06-22,293026.05,EUR,83.802,PERC,,TWEM,TWEM,TRADEWEB,1,D2C,MTF,DBFTFN,'3605485544454229204
2022-06-27 10:06:56.985000,BE0000354630,Corporate bond,The Kingdom of Belgium,0.35,2032-06-22,2000000,EUR,83.999,PERC,,TWEM,TWEM,TRADEWEB,1,D2C,MTF,DBFTFN,'3605485544454227937
2022-06-24 15:55:19.555000,BE0000354630,Corporate bond,The Kingdom of Belgium,0.35,2032-06-22,143000,EUR,84.799,PERC,,TWEM,TWEM,TRADEWEB,1,D2C,MTF,DBFTFN,'3605482245919348355
2022-06-24 15:45:36.211000,BE0000354630,Corporate bond,The Kingdom of Belgium,0.35,2032-06-22,120000,EUR,84.791,PERC,,TWEM,TWEM,TRADEWEB,1,D2C,MTF,DBFTFN,'3605482245919348298
2022-06-24 15:14:06.268000,BE0000354630,Corporate bond,The Kingdom of Belgium,0.35,2032-06-22,600000,EUR,84.832,PERC,,TWEM,TWEM,TRADEWEB,1,D2C,MTF,DBFTFN,'3605482245919347881
2022-06-23 10:04:01.475000,BE0000354630,Corporate bond,The Kingdom of Belgium,0.35,2032-06-22,,EUR,84.659,PERC,TPAC VOLO,TWEM,TWEM,TRADEWEB,1,D2C,MTF,DBFTFN,'7208365246350623162
2022-06-23 10:00:14.160000,BE0000354630,Corporate bond,The Kingdom of Belgium,0.35,2032-06-22,,EUR,84.558,PERC,TPAC VOLO,TWEM,TWEM,TRADEWEB,1,D2C,MTF,DBFTFN,'7208365246350623160
2022-06-23 08:50:17.304000,BE0000354630,Corporate bond,The Kingdom of Belgium,0.35,2032-06-22,,EUR,84.685,PERC,TPAC VOLO,TWEM,TWEM,TRADEWEB,1,D2C,MTF,DBFTFN,'7208365246350623048
2022-06-22 13:19:14.391000,BE0000354630,Corporate bond,The Kingdom of Belgium,0.35,2032-06-22,1190000,EUR,83.226,PERC,,TWEM,TWEM,TRADEWEB,1,D2C,MTF,DBFTFN,'3605480046896091414
2022-06-21 08:42:42.091000,BE0000354630,Corporate bond,The Kingdom of Belgium,0.35,2032-06-22,950000,EUR,82.21,PERC,,TWEM,TWEM,TRADEWEB,1,D2C,MTF,DBFTFN,'3605478947384460709
2022-06-21 08:27:28.488000,BE0000354630,Corporate bond,The Kingdom of Belgium,0.35,2032-06-22,2070000,EUR,82.068,PERC,,TWEM,TWEM,TRADEWEB,1,D2C,MTF,DBFTFN,'3605478947384460428
2022-06-21 05:03:30.000000,BE0000354630,Corporate bond,The Kingdom of Belgium,0.35,2032-06-22,35480000,EUR,82.742806,PERC,IDAF,TWEM,TWEM,TRADEWEB,4,D2C,MTF,DBFTFN,'7208358649280856128
2022-06-20 15:52:46.544000,BE0000354630,Corporate bond,The Kingdom of Belgium,0.35,2032-06-22,172000,EUR,82.029,PERC,,TWEM,TWEM,TRADEWEB,1,D2C,MTF,DBFTFN,'3605477847872837536
2022-06-20 15:14:31.741000,BE0000354630,Corporate bond,The Kingdom of Belgium,0.35,2032-06-22,100000,EUR,82.151,PERC,,TWEM,TWEM,TRADEWEB,1,D2C,MTF,DBFTFN,'3605477847872837270
2022-06-20 15:14:08.885000,BE0000354630,Corporate bond,The Kingdom of Belgium,0.35,2032-06-22,500000,EUR,82.155,PERC,,TWEM,TWEM,TRADEWEB,1,D2C,MTF,DBFTFN,'3605477847872837222
2022-06-17 08:21:18.464000,BE0000354630,Corporate bond,The Kingdom of Belgium,0.35,2032-06-22,2070000,EUR,82.795,PERC,,TWEM,TWEM,TRADEWEB,1,D2C,MTF,DBFTFN,'3605474549337949368
2022-06-16 15:50:49.054000,BE0000354630,Corporate bond,The Kingdom of Belgium,0.35,2032-06-22,300000,EUR,82.476,PERC,,TWEM,TWEM,TRADEWEB,1,D2C,MTF,DBFTFN,'3605473449826327934
2022-06-16 15:49:40.890000,BE0000354630,Corporate bond,The Kingdom of Belgium,0.35,2032-06-22,48000,EUR,82.477,PERC,,TWEM,TWEM,TRADEWEB,1,D2C,MTF,DBFTFN,'3605473449826327884
2022-06-16 15:15:03.886000,BE0000354630,Corporate bond,The Kingdom of Belgium,0.35,2032-06-22,100000,EUR,82.42,PERC,,TWEM,TWEM,TRADEWEB,1,D2C,MTF,DBFTFN,'3605473449826327524
2022-06-15 15:43:19.872000,BE0000354630,Corporate bond,The Kingdom of Belgium,0.35,2032-06-22,51993.51,EUR,82.747,PERC,,TWEM,TWEM,TRADEWEB,1,D2C,MTF,DBFTFN,'3605472350314702115
2022-06-15 15:15:39.200000,BE0000354630,Corporate bond,The Kingdom of Belgium,0.35,2032-06-22,320000,EUR,82.83,PERC,,TWEM,TWEM,TRADEWEB,1,D2C,MTF,DBFTFN,'3605472350314701468
2022-06-15 14:49:47.735000,BE0000354630,Corporate bond,The Kingdom of Belgium,0.35,2032-06-22,170000,EUR,82.849,PERC,,TWEM,TWEM,TRADEWEB,1,D2C,MTF,DBFTFN,'3605472350314700608
2022-06-15 07:57:46.549000,BE0000354630,Corporate bond,The Kingdom of Belgium,0.35,2032-06-22,950000,EUR,81.694,PERC,,TWEM,TWEM,TRADEWEB,1,D2C,MTF,DBFTFN,'3605472350314693585
2022-06-15 07:21:28.007000,BE0000354630,Corporate bond,The Kingdom of Belgium,0.35,2032-06-22,2250000,EUR,82.235,PERC,,TWEM,TWEM,TRADEWEB,1,D2C,MTF,DBFTFN,'3605472350314692940
2022-06-14 15:29:43.234000,BE0000354630,Corporate bond,The Kingdom of Belgium,0.35,2032-06-22,57000,EUR,81.577,PERC,,TWEM,TWEM,TRADEWEB,1,D2C,MTF,DBFTFN,'3605471250803072986
2022-06-14 14:52:35.773000,BE0000354630,Corporate bond,The Kingdom of Belgium,0.35,2032-06-22,29000,EUR,81.913,PERC,,TWEM,TWEM,TRADEWEB,1,D2C,MTF,DBFTFN,'3605471250803072137
2022-06-14 12:14:59.782000,BE0000354630,Corporate bond,The Kingdom of Belgium,0.35,2032-06-22,575000,EUR,82.049,PERC,,TWEM,TWEM,TRADEWEB,1,D2C,MTF,DBFTFN,'3605471250803069537
2022-06-14 10:23:34.396000,BE0000354630,Corporate bond,The Kingdom of Belgium,0.35,2032-06-22,1700000,EUR,82.392,PERC,,TWEM,TWEM,TRADEWEB,1,D2C,MTF,DBFTFN,'3605471250803068271
2022-06-14 05:03:21.000000,BE0000354630,Corporate bond,The Kingdom of Belgium,0.35,2032-06-22,74650000,EUR,84.881398,PERC,IDAF,TWEM,TWEM,TRADEWEB,5,D2C,MTF,DBFTFN,'7208350952699461749
2022-06-13 08:51:32.478000,BE0000354630,Corporate bond,The Kingdom of Belgium,0.35,2032-06-22,1038000,EUR,83.175,PERC,,TWEM,TWEM,TRADEWEB,1,D2C,MTF,DBFTFN,'3605470151291438711
2022-06-10 12:52:42.024000,BE0000354630,Corporate bond,The Kingdom of Belgium,0.35,2032-06-22,1500000,EUR,84.663,PERC,,TWEM,TWEM,TRADEWEB,1,D2C,MTF,DBFTFN,'3605466852756557771
2022-06-09 15:48:05.379000,BE0000354630,Corporate bond,The Kingdom of Belgium,0.35,2032-06-22,163000,EUR,84.79,PERC,,TWEM,TWEM,TRADEWEB,1,D2C,MTF,DBFTFN,'3605465753244932119
2022-06-09 15:17:56.421000,BE0000354630,Corporate bond,The Kingdom of Belgium,0.35,2032-06-22,1100000,EUR,84.677,PERC,,TWEM,TWEM,TRADEWEB,1,D2C,MTF,DBFTFN,'3605465753244931921
2022-06-09 15:13:25.451000,BE0000354630,Corporate bond,The Kingdom of Belgium,0.35,2032-06-22,100000,EUR,84.656,PERC,,TWEM,TWEM,TRADEWEB,1,D2C,MTF,DBFTFN,'3605465753244931620
2022-06-09 12:59:45.230000,BE0000354630,Corporate bond,The Kingdom of Belgium,0.35,2032-06-22,1360000,EUR,84.579,PERC,,TWEM,TWEM,TRADEWEB,1,D2C,MTF,DBFTFN,'3605465753244929767
2022-06-09 07:38:18.233000,BE0000354630,Corporate bond,The Kingdom of Belgium,0.35,2032-06-22,850000,EUR,85.572,PERC,,TWEM,TWEM,TRADEWEB,1,D2C,MTF,DBFTFN,'3605465753244926340
2022-06-08 15:53:45.869000,BE0000354630,Corporate bond,The Kingdom of Belgium,0.35,2032-06-22,50000,EUR,85.466,PERC,,TWEM,TWEM,TRADEWEB,1,D2C,MTF,DBFTFN,'3605464653733304088
2022-06-08 15:15:08.400000,BE0000354630,Corporate bond,The Kingdom of Belgium,0.35,2032-06-22,100000,EUR,85.519,PERC,,TWEM,TWEM,TRADEWEB,1,D2C,MTF,DBFTFN,'3605464653733303801
2022-06-08 14:45:18.996000,BE0000354630,Corporate bond,The Kingdom of Belgium,0.35,2032-06-22,2900000,EUR,85.475,PERC,,TWEM,TWEM,TRADEWEB,1,D2C,MTF,DBFTFN,'3605464653733303347
2022-06-08 09:05:35.750000,BE0000354630,Corporate bond,The Kingdom of Belgium,0.35,2032-06-22,,EUR,85.759,PERC,TPAC VOLO,TWEM,TWEM,TRADEWEB,1,D2C,MTF,DBFTFN,'7208346554652951170
2022-06-08 09:05:35.750000,BE0000354630,Corporate bond,The Kingdom of Belgium,0.35,2032-06-22,30100000,EUR,85.759,PERC,FULV SIZE TPAC,TWEM,TWEM,TRADEWEB,1,D2C,MTF,DBFTFN,'7208377340978528366
2022-06-08 08:08:57.649000,BE0000354630,Corporate bond,The Kingdom of Belgium,0.35,2032-06-22,600000,EUR,85.815,PERC,,TWEM,TWEM,TRADEWEB,1,D2C,MTF,DBFTFN,'3605464653733299050
2022-06-08 08:08:34.472000,BE0000354630,Corporate bond,The Kingdom of Belgium,0.35,2032-06-22,480000,EUR,85.802,PERC,,TWEM,TWEM,TRADEWEB,1,D2C,MTF,DBFTFN,'3605464653733299043
2022-06-07 15:15:25.818000,BE0000354630,Corporate bond,The Kingdom of Belgium,0.35,2032-06-22,270000,EUR,86.138,PERC,,TWEM,TWEM,TRADEWEB,1,D2C,MTF,DBFTFN,'3605463554221676277
2022-06-07 12:50:27.555000,BE0000354630,Corporate bond,The Kingdom of Belgium,0.35,2032-06-22,150000,EUR,85.806,PERC,,TWEM,TWEM,TRADEWEB,1,D2C,MTF,DBFTFN,'3605463554221674284
2022-06-07 11:38:15.523000,BE0000354630,Corporate bond,The Kingdom of Belgium,0.35,2032-06-22,50000,EUR,85.919,PERC,,TWEM,TWEM,TRADEWEB,1,D2C,MTF,DBFTFN,'3605463554221673629
2022-06-07 11:32:48.210000,BE0000354630,Corporate bond,The Kingdom of Belgium,0.35,2032-06-22,50000,EUR,85.954,PERC,,TWEM,TWEM,TRADEWEB,1,D2C,MTF,DBFTFN,'3605463554221673590
2022-06-07 05:03:53.000000,BE0000354630,Corporate bond,The Kingdom of Belgium,0.35,2032-06-22,142300000,EUR,87.624012,PERC,IDAF,TWEM,TWEM,TRADEWEB,6,D2C,MTF,DBFTFN,'7208343256118067259
2022-06-03 15:14:35.496000,BE0000354630,Corporate bond,The Kingdom of Belgium,0.35,2032-06-22,130000,EUR,86.068,PERC,,TWEM,TWEM,TRADEWEB,1,D2C,MTF,DBFTFN,'3605459156175163613
2022-06-03 15:14:12.920000,BE0000354630,Corporate bond,The Kingdom of Belgium,0.35,2032-06-22,50000,EUR,86.056,PERC,,TWEM,TWEM,TRADEWEB,1,D2C,MTF,DBFTFN,'3605459156175163586
2022-06-03 14:06:42.426000,BE0000354630,Corporate bond,The Kingdom of Belgium,0.35,2032-06-22,50000,EUR,86.13,PERC,,TWEM,TWEM,TRADEWEB,1,D2C,MTF,DBFTFN,'3605459156175163053
2022-06-03 07:12:33.618000,BE0000354630,Corporate bond,The Kingdom of Belgium,0.35,2032-06-22,227000,EUR,86.344,PERC,,TWEM,TWEM,TRADEWEB,1,D2C,MTF,DBFTFN,'3605459156175159412
2022-06-02 15:15:04.206000,BE0000354630,Corporate bond,The Kingdom of Belgium,0.35,2032-06-22,423000,EUR,86.545,PERC,,TWEM,TWEM,TRADEWEB,1,D2C,MTF,DBFTFN,'3605458056663534584
2022-06-02 15:02:21.795000,BE0000354630,Corporate bond,The Kingdom of Belgium,0.35,2032-06-22,41000,EUR,86.516,PERC,,TWEM,TWEM,TRADEWEB,1,D2C,MTF,DBFTFN,'3605458056663534370
2022-06-02 13:26:05.950000,BE0000354630,Corporate bond,The Kingdom of Belgium,0.35,2032-06-22,300000,EUR,86.772,PERC,,TWEM,TWEM,TRADEWEB,1,D2C,MTF,DBFTFN,'3605458056663533778
2022-06-02 08:43:25.385000,BE0000354630,Corporate bond,The Kingdom of Belgium,0.35,2032-06-22,2000000,EUR,86.622,PERC,,TWEM,TWEM,TRADEWEB,1,D2C,MTF,DBFTFN,'3605458056663532100
2022-06-01 15:38:12.999000,BE0000354630,Corporate bond,The Kingdom of Belgium,0.35,2032-06-22,54000,EUR,87.009,PERC,,TWEM,TWEM,TRADEWEB,1,D2C,MTF,DBFTFN,'3605456957151910391
2022-06-01 14:15:48.264000,BE0000354630,Corporate bond,The Kingdom of Belgium,0.35,2032-06-22,15000,EUR,87.176,PERC,,TWEM,TWEM,TRADEWEB,1,D2C,MTF,DBFTFN,'3605456957151909181
2022-05-31 15:33:02.340000,BE0000354630,Corporate bond,The Kingdom of Belgium,0.35,2032-06-22,368000,EUR,87.526,PERC,,TWEM,TWEM,TRADEWEB,1,D2C,MTF,DBFTFN,'3605455857640285454
2022-05-31 15:26:37.330000,BE0000354630,Corporate bond,The Kingdom of Belgium,0.35,2032-06-22,820000,EUR,87.497,PERC,,TWEM,TWEM,TRADEWEB,1,D2C,MTF,DBFTFN,'3605455857640285199
2022-05-31 15:25:26.420000,BE0000354630,Corporate bond,The Kingdom of Belgium,0.35,2032-06-22,89000,EUR,87.485,PERC,,TWEM,TWEM,TRADEWEB,1,D2C,MTF,DBFTFN,'3605455857640285127
2022-05-31 15:24:08.032000,BE0000354630,Corporate bond,The Kingdom of Belgium,0.35,2032-06-22,710000,EUR,87.472,PERC,,TWEM,TWEM,TRADEWEB,1,D2C,MTF,DBFTFN,'3605455857640285047
2022-05-31 15:19:06.935000,BE0000354630,Corporate bond,The Kingdom of Belgium,0.35,2032-06-22,292000,EUR,87.526,PERC,,TWEM,TWEM,TRADEWEB,1,D2C,MTF,DBFTFN,'3605455857640284602
2022-05-31 15:17:22.125000,BE0000354630,Corporate bond,The Kingdom of Belgium,0.35,2032-06-22,320000,EUR,87.52,PERC,,TWEM,TWEM,TRADEWEB,1,D2C,MTF,DBFTFN,'3605455857640284246
2022-05-31 15:16:16.579000,BE0000354630,Corporate bond,The Kingdom of Belgium,0.35,2032-06-22,510000,EUR,87.504,PERC,,TWEM,TWEM,TRADEWEB,1,D2C,MTF,DBFTFN,'3605455857640284049
2022-05-31 15:15:49.944000,BE0000354630,Corporate bond,The Kingdom of Belgium,0.35,2032-06-22,300000,EUR,87.542,PERC,,TWEM,TWEM,TRADEWEB,1,D2C,MTF,DBFTFN,'3605455857640283943
2022-05-31 15:15:33.654000,BE0000354630,Corporate bond,The Kingdom of Belgium,0.35,2032-06-22,74000,EUR,87.49,PERC,,TWEM,TWEM,TRADEWEB,1,D2C,MTF,DBFTFN,'3605455857640283700
2022-05-31 15:15:18.603000,BE0000354630,Corporate bond,The Kingdom of Belgium,0.35,2032-06-22,757000,EUR,87.487,PERC,,TWEM,TWEM,TRADEWEB,1,D2C,MTF,DBFTFN,'3605455857640283379
2022-05-31 15:14:57.370000,BE0000354630,Corporate bond,The Kingdom of Belgium,0.35,2032-06-22,1888000,EUR,87.464,PERC,,TWEM,TWEM,TRADEWEB,1,D2C,MTF,DBFTFN,'3605455857640282974
2022-05-31 15:14:42.039000,BE0000354630,Corporate bond,The Kingdom of Belgium,0.35,2032-06-22,100000,EUR,87.468,PERC,,TWEM,TWEM,TRADEWEB,1,D2C,MTF,DBFTFN,'3605455857640282851
2022-05-31 15:14:06.467000,BE0000354630,Corporate bond,The Kingdom of Belgium,0.35,2032-06-22,600000,EUR,87.444,PERC,,TWEM,TWEM,TRADEWEB,1,D2C,MTF,DBFTFN,'3605455857640282430
2022-05-31 15:13:38.109000,BE0000354630,Corporate bond,The Kingdom of Belgium,0.35,2032-06-22,380000,EUR,87.437,PERC,,TWEM,TWEM,TRADEWEB,1,D2C,MTF,DBFTFN,'3605455857640282274
2022-05-31 15:11:32.074000,BE0000354630,Corporate bond,The Kingdom of Belgium,0.35,2032-06-22,80000,EUR,87.455,PERC,,TWEM,TWEM,TRADEWEB,1,D2C,MTF,DBFTFN,'3605455857640281957
2022-05-31 15:07:01.772000,BE0000354630,Corporate bond,The Kingdom of Belgium,0.35,2032-06-22,100000,EUR,87.345,PERC,,TWEM,TWEM,TRADEWEB,1,D2C,MTF,DBFTFN,'3605455857640281701
2022-05-31 15:05:19.416000,BE0000354630,Corporate bond,The Kingdom of Belgium,0.35,2032-06-22,91000,EUR,87.331,PERC,,TWEM,TWEM,TRADEWEB,1,D2C,MTF,DBFTFN,'3605455857640281555
2022-05-31 15:04:44.738000,BE0000354630,Corporate bond,The Kingdom of Belgium,0.35,2032-06-22,48000,EUR,87.313,PERC,,TWEM,TWEM,TRADEWEB,1,D2C,MTF,DBFTFN,'3605455857640281532
2022-05-31 15:01:38.361000,BE0000354630,Corporate bond,The Kingdom of Belgium,0.35,2032-06-22,23000,EUR,87.407,PERC,,TWEM,TWEM,TRADEWEB,1,D2C,MTF,DBFTFN,'3605455857640281460
2022-05-31 05:03:12.000000,BE0000354630,Corporate bond,The Kingdom of Belgium,0.35,2032-06-22,274600000,EUR,88.723988,PERC,IDAF,TWEM,TWEM,TRADEWEB,9,D2C,MTF,DBFTFN,'7208335559536672818
2022-05-30 15:15:35.485000,BE0000354630,Corporate bond,The Kingdom of Belgium,0.35,2032-06-22,290000,EUR,88.231,PERC,,TWEM,TWEM,TRADEWEB,1,D2C,MTF,DBFTFN,'3605454758128653459
2022-05-30 15:14:04.053000,BE0000354630,Corporate bond,The Kingdom of Belgium,0.35,2032-06-22,170000,EUR,88.19,PERC,,TWEM,TWEM,TRADEWEB,1,D2C,MTF,DBFTFN,'3605454758128653239
2022-05-30 13:13:56.780000,BE0000354630,Corporate bond,The Kingdom of Belgium,0.35,2032-06-22,1600000,EUR,88.084,PERC,,TWEM,TWEM,TRADEWEB,1,D2C,MTF,DBFTFN,'3605454758128652157
2022-05-30 10:08:30.270000,BE0000354630,Corporate bond,The Kingdom of Belgium,0.35,2032-06-22,1000000,EUR,88.211,PERC,,TWEM,TWEM,TRADEWEB,1,D2C,MTF,DBFTFN,'3605454758128650400
2022-05-27 15:52:19.967000,BE0000354630,Corporate bond,The Kingdom of Belgium,0.35,2032-06-22,71000,EUR,88.849,PERC,,TWEM,TWEM,TRADEWEB,1,D2C,MTF,DBFTFN,'3605451459593769957
2022-05-25 16:00:46.109000,BE0000354630,Corporate bond,The Kingdom of Belgium,0.35,2032-06-22,1000000,EUR,88.817,PERC,,TWEM,TWEM,TRADEWEB,1,D2C,MTF,DBFTFN,'3605449260570515449
2022-05-25 10:25:39.386000,BE0000354630,Corporate bond,The Kingdom of Belgium,0.35,2032-06-22,100000,EUR,88.862,PERC,,TWEM,TWEM,TRADEWEB,1,D2C,MTF,DBFTFN,'3605449260570511886
2022-05-25 09:41:59.970000,BE0000354630,Corporate bond,The Kingdom of Belgium,0.35,2032-06-22,740000,EUR,89.013,PERC,,TWEM,TWEM,TRADEWEB,1,D2C,MTF,DBFTFN,'3605449260570511489
2022-05-24 05:03:45.000000,BE0000354630,Corporate bond,The Kingdom of Belgium,0.35,2032-06-22,109420000,EUR,88.565554,PERC,IDAF,TWEM,TWEM,TRADEWEB,6,D2C,MTF,DBFTFN,'7208327862955278416
2022-05-20 15:15:08.536000,BE0000354630,Corporate bond,The Kingdom of Belgium,0.35,2032-06-22,9000,EUR,88.992,PERC,,TWEM,TWEM,TRADEWEB,1,D2C,MTF,DBFTFN,'3605443763012375856
2022-05-20 09:31:55.299000,BE0000354630,Corporate bond,The Kingdom of Belgium,0.35,2032-06-22,100000,EUR,88.743,PERC,,TWEM,TWEM,TRADEWEB,1,D2C,MTF,DBFTFN,'3605443763012372363
2022-05-18 15:16:46.268000,BE0000354630,Corporate bond,The Kingdom of Belgium,0.35,2032-06-22,382332.64,EUR,88.56,PERC,,TWEM,TWEM,TRADEWEB,1,D2C,MTF,DBFTFN,'3605441563989120055
2022-05-18 15:14:17.195000,BE0000354630,Corporate bond,The Kingdom of Belgium,0.35,2032-06-22,120000,EUR,88.602,PERC,,TWEM,TWEM,TRADEWEB,1,D2C,MTF,DBFTFN,'3605441563989119924
2022-05-18 15:14:08.628000,BE0000354630,Corporate bond,The Kingdom of Belgium,0.35,2032-06-22,10000,EUR,88.593,PERC,,TWEM,TWEM,TRADEWEB,1,D2C,MTF,DBFTFN,'3605441563989119891
2022-05-18 15:14:07.954000,BE0000354630,Corporate bond,The Kingdom of Belgium,0.35,2032-06-22,200000,EUR,88.593,PERC,,TWEM,TWEM,TRADEWEB,1,D2C,MTF,DBFTFN,'3605441563989119890
2022-05-18 15:13:20.553000,BE0000354630,Corporate bond,The Kingdom of Belgium,0.35,2032-06-22,1600000,EUR,88.609,PERC,,TWEM,TWEM,TRADEWEB,1,D2C,MTF,DBFTFN,'3605441563989119748
2022-05-18 14:44:48.575000,BE0000354630,Corporate bond,The Kingdom of Belgium,0.35,2032-06-22,1000000,EUR,88.539,PERC,,TWEM,TWEM,TRADEWEB,1,D2C,MTF,DBFTFN,'3605441563989119497
2022-05-17 15:15:45.834000,BE0000354630,Corporate bond,The Kingdom of Belgium,0.35,2032-06-22,617667.36,EUR,88.293,PERC,,TWEM,TWEM,TRADEWEB,1,D2C,MTF,DBFTFN,'3605440464477492728
2022-05-17 15:13:40.040000,BE0000354630,Corporate bond,The Kingdom of Belgium,0.35,2032-06-22,182000,EUR,88.265,PERC,,TWEM,TWEM,TRADEWEB,1,D2C,MTF,DBFTFN,'3605440464477492589
2022-05-17 13:25:14.481000,BE0000354630,Corporate bond,The Kingdom of Belgium,0.35,2032-06-22,1000,EUR,88.305,PERC,,TWEM,TWEM,TRADEWEB,1,D2C,MTF,DBFTFN,'3605440464477490907
2022-05-17 05:03:33.000000,BE0000354630,Corporate bond,The Kingdom of Belgium,0.35,2032-06-22,21600000,EUR,88.831722,PERC,IDAF,TWEM,TWEM,TRADEWEB,4,D2C,MTF,DBFTFN,'7208320166373884019
2022-05-16 15:15:10.389000,BE0000354630,Corporate bond,The Kingdom of Belgium,0.35,2032-06-22,90000,EUR,89.122,PERC,,TWEM,TWEM,TRADEWEB,1,D2C,MTF,DBFTFN,'3605439364965864754
2022-05-16 15:14:06.486000,BE0000354630,Corporate bond,The Kingdom of Belgium,0.35,2032-06-22,100000,EUR,89.121,PERC,,TWEM,TWEM,TRADEWEB,1,D2C,MTF,DBFTFN,'3605439364965864664
2022-05-16 10:05:13.410000,BE0000354630,Corporate bond,The Kingdom of Belgium,0.35,2032-06-22,400000,EUR,88.557,PERC,,TWEM,TWEM,TRADEWEB,1,D2C,MTF,DBFTFN,'3605439364965861569
2022-05-16 09:14:48.846000,BE0000354630,Corporate bond,The Kingdom of Belgium,0.35,2032-06-22,30000,EUR,88.656,PERC,,TWEM,TWEM,TRADEWEB,1,D2C,MTF,DBFTFN,'3605439364965860721
2022-05-13 15:47:52.063000,BE0000354630,Corporate bond,The Kingdom of Belgium,0.35,2032-06-22,116000,EUR,89.151,PERC,,TWEM,TWEM,TRADEWEB,1,D2C,MTF,DBFTFN,'3605436066430981931
2022-05-13 15:14:40.368000,BE0000354630,Corporate bond,The Kingdom of Belgium,0.35,2032-06-22,1500000,EUR,89.054,PERC,,TWEM,TWEM,TRADEWEB,1,D2C,MTF,DBFTFN,'3605436066430981502
2022-05-13 15:13:59.788000,BE0000354630,Corporate bond,The Kingdom of Belgium,0.35,2032-06-22,20000,EUR,89.039,PERC,,TWEM,TWEM,TRADEWEB,1,D2C,MTF,DBFTFN,'3605436066430981359
2022-05-12 15:07:56.337000,BE0000354630,Corporate bond,The Kingdom of Belgium,0.35,2032-06-22,67000,EUR,89.708,PERC,,TWEM,TWEM,TRADEWEB,1,D2C,MTF,DBFTFN,'3605434966919354187
2022-05-12 11:23:02.195000,BE0000354630,Corporate bond,The Kingdom of Belgium,0.35,2032-06-22,71000,EUR,89.703,PERC,,TWEM,TWEM,TRADEWEB,1,D2C,MTF,DBFTFN,'3605434966919351188
2022-05-11 15:15:06.210000,BE0000354630,Corporate bond,The Kingdom of Belgium,0.35,2032-06-22,310000,EUR,88.526,PERC,,TWEM,TWEM,TRADEWEB,1,D2C,MTF,DBFTFN,'3605433867407726739
2022-05-11 15:14:10.578000,BE0000354630,Corporate bond,The Kingdom of Belgium,0.35,2032-06-22,700000,EUR,88.467,PERC,,TWEM,TWEM,TRADEWEB,1,D2C,MTF,DBFTFN,'3605433867407726607
2022-05-11 12:04:26.723000,BE0000354630,Corporate bond,The Kingdom of Belgium,0.35,2032-06-22,240000,EUR,88.627,PERC,,TWEM,TWEM,TRADEWEB,1,D2C,MTF,DBFTFN,'3605433867407723621
2022-05-11 09:10:15.171000,BE0000354630,Corporate bond,The Kingdom of Belgium,0.35,2032-06-22,1500000,EUR,88.855,PERC,,TWEM,TWEM,TRADEWEB,1,D2C,MTF,DBFTFN,'3605433867407722079
2022-05-10 15:36:39.430000,BE0000354630,Corporate bond,The Kingdom of Belgium,0.35,2032-06-22,240000,EUR,88.413,PERC,,TWEM,TWEM,TRADEWEB,1,D2C,MTF,DBFTFN,'3605432767896099579
2022-05-10 05:03:44.000000,BE0000354630,Corporate bond,The Kingdom of Belgium,0.35,2032-06-22,11637000,EUR,88.394185,PERC,IDAF,TWEM,TWEM,TRADEWEB,3,D2C,MTF,DBFTFN,'7208312469792489558
2022-05-09 15:15:40.218000,BE0000354630,Corporate bond,The Kingdom of Belgium,0.35,2032-06-22,250000,EUR,87.61,PERC,,TWEM,TWEM,TRADEWEB,1,D2C,MTF,DBFTFN,'3605431668384471396
2022-05-09 15:14:31.238000,BE0000354630,Corporate bond,The Kingdom of Belgium,0.35,2032-06-22,150000,EUR,87.631,PERC,,TWEM,TWEM,TRADEWEB,1,D2C,MTF,DBFTFN,'3605431668384471310
2022-05-09 13:52:22.498000,BE0000354630,Corporate bond,The Kingdom of Belgium,0.35,2032-06-22,37000,EUR,87.402,PERC,,TWEM,TWEM,TRADEWEB,1,D2C,MTF,DBFTFN,'3605431668384470150
2022-05-06 15:15:16.712000,BE0000354630,Corporate bond,The Kingdom of Belgium,0.35,2032-06-22,45000,EUR,87.219,PERC,,TWEM,TWEM,TRADEWEB,1,D2C,MTF,DBFTFN,'3605428369849595086
2022-05-05 13:36:41.416000,BE0000354630,Corporate bond,The Kingdom of Belgium,0.35,2032-06-22,170000,EUR,88.878,PERC,,TWEM,TWEM,TRADEWEB,1,D2C,MTF,DBFTFN,'3605427270337957566
2022-05-05 07:09:34.530000,BE0000354630,Corporate bond,The Kingdom of Belgium,0.35,2032-06-22,160000,EUR,88.7,PERC,,TWEM,TWEM,TRADEWEB,1,D2C,MTF,DBFTFN,'3605427270337953925
2022-05-04 15:38:53.858000,BE0000354630,Corporate bond,The Kingdom of Belgium,0.35,2032-06-22,58000,EUR,88.726,PERC,,TWEM,TWEM,TRADEWEB,1,D2C,MTF,DBFTFN,'3605426170826330985
2022-05-04 15:15:20.365000,BE0000354630,Corporate bond,The Kingdom of Belgium,0.35,2032-06-22,26000,EUR,88.679,PERC,,TWEM,TWEM,TRADEWEB,1,D2C,MTF,DBFTFN,'3605426170826330838
2022-05-03 15:15:33.099000,BE0000354630,Corporate bond,The Kingdom of Belgium,0.35,2032-06-22,444000,EUR,89.086,PERC,,TWEM,TWEM,TRADEWEB,1,D2C,MTF,DBFTFN,'3605425071314703527
2022-05-03 14:48:11.935000,BE0000354630,Corporate bond,The Kingdom of Belgium,0.35,2032-06-22,400000,EUR,89.151,PERC,,TWEM,TWEM,TRADEWEB,1,D2C,MTF,DBFTFN,'3605425071314702963
2022-05-03 14:36:13.994000,BE0000354630,Corporate bond,The Kingdom of Belgium,0.35,2032-06-22,1593000,EUR,89.135,PERC,,TWEM,TWEM,TRADEWEB,1,D2C,MTF,DBFTFN,'3605425071314702881
2022-05-03 13:48:43.341000,BE0000354630,Corporate bond,The Kingdom of Belgium,0.35,2032-06-22,1600000,EUR,89.202,PERC,,TWEM,TWEM,TRADEWEB,1,D2C,MTF,DBFTFN,'3605425071314702403
2022-05-03 10:17:05.301000,BE0000354630,Corporate bond,The Kingdom of Belgium,0.35,2032-06-22,200000,EUR,88.757,PERC,,TWEM,TWEM,TRADEWEB,1,D2C,MTF,DBFTFN,'3605425071314700495
2022-05-03 07:21:41.502000,BE0000354630,Corporate bond,The Kingdom of Belgium,0.35,2032-06-22,15000,EUR,88.67,PERC,,TWEM,TWEM,TRADEWEB,1,D2C,MTF,DBFTFN,'3605425071314698531
2022-05-03 05:03:03.000000,BE0000354630,Corporate bond,The Kingdom of Belgium,0.35,2032-06-22,170000000,EUR,89.656259,PERC,IDAF,TWEM,TWEM,TRADEWEB,4,D2C,MTF,DBFTFN,'7208304773211095111
2022-05-02 15:28:28.406000,BE0000354630,Corporate bond,The Kingdom of Belgium,0.35,2032-06-22,35000,EUR,88.892,PERC,,TWEM,TWEM,TRADEWEB,1,D2C,MTF,DBFTFN,'3605423971803075109
2022-05-02 15:13:22.657000,BE0000354630,Corporate bond,The Kingdom of Belgium,0.35,2032-06-22,46000,EUR,88.924,PERC,,TWEM,TWEM,TRADEWEB,1,D2C,MTF,DBFTFN,'3605423971803074838
2022-05-02 12:05:31.729000,BE0000354630,Corporate bond,The Kingdom of Belgium,0.35,2032-06-22,14000,EUR,89.232,PERC,,TWEM,TWEM,TRADEWEB,1,D2C,MTF,DBFTFN,'3605423971803073272
2022-05-02 10:21:52.889000,BE0000354630,Corporate bond,The Kingdom of Belgium,0.35,2032-06-22,870000,EUR,89.369,PERC,,TWEM,TWEM,TRADEWEB,1,D2C,MTF,DBFTFN,'3605423971803072393
2022-04-29 15:33:50.917000,BE0000354630,Corporate bond,The Kingdom of Belgium,0.35,2032-06-22,541000,EUR,89.16,PERC,,TWEM,TWEM,TRADEWEB,1,D2C,MTF,DBFTFN,'3605420673268194277
2022-04-29 15:32:12.856000,BE0000354630,Corporate bond,The Kingdom of Belgium,0.35,2032-06-22,198000,EUR,89.192,PERC,,TWEM,TWEM,TRADEWEB,1,D2C,MTF,DBFTFN,'3605420673268193972
2022-04-29 15:26:18.230000,BE0000354630,Corporate bond,The Kingdom of Belgium,0.35,2032-06-22,101000,EUR,89.141,PERC,,TWEM,TWEM,TRADEWEB,1,D2C,MTF,DBFTFN,'3605420673268193485
2022-04-29 15:25:54.818000,BE0000354630,Corporate bond,The Kingdom of Belgium,0.35,2032-06-22,814000,EUR,89.127,PERC,,TWEM,TWEM,TRADEWEB,1,D2C,MTF,DBFTFN,'3605420673268193408
2022-04-29 15:17:49.771000,BE0000354630,Corporate bond,The Kingdom of Belgium,0.35,2032-06-22,378000,EUR,89.1,PERC,,TWEM,TWEM,TRADEWEB,1,D2C,MTF,DBFTFN,'3605420673268192918
2022-04-29 15:17:06.321000,BE0000354630,Corporate bond,The Kingdom of Belgium,0.35,2032-06-22,860000,EUR,89.122,PERC,,TWEM,TWEM,TRADEWEB,1,D2C,MTF,DBFTFN,'3605420673268192856
2022-04-29 15:14:55.201000,BE0000354630,Corporate bond,The Kingdom of Belgium,0.35,2032-06-22,166000,EUR,89.102,PERC,,TWEM,TWEM,TRADEWEB,1,D2C,MTF,DBFTFN,'3605420673268192438
2022-04-29 15:12:51.423000,BE0000354630,Corporate bond,The Kingdom of Belgium,0.35,2032-06-22,96000,EUR,89.133,PERC,,TWEM,TWEM,TRADEWEB,1,D2C,MTF,DBFTFN,'3605420673268192004
2022-04-29 14:54:54.668000,BE0000354630,Corporate bond,The Kingdom of Belgium,0.35,2032-06-22,150000,EUR,89.547,PERC,,TWEM,TWEM,TRADEWEB,1,D2C,MTF,DBFTFN,'3605420673268191549
2022-04-29 13:44:12.051000,BE0000354630,Corporate bond,The Kingdom of Belgium,0.35,2032-06-22,1300000,EUR,89.494,PERC,,TWEM,TWEM,TRADEWEB,1,D2C,MTF,DBFTFN,'3605420673268190827
2022-04-29 13:07:27.711000,BE0000354630,Corporate bond,The Kingdom of Belgium,0.35,2032-06-22,539822,EUR,89.444,PERC,,TWEM,TWEM,TRADEWEB,1,D2C,MTF,DBFTFN,'3605420673268190476
2022-04-27 15:23:02.304000,BE0000354630,Corporate bond,The Kingdom of Belgium,0.35,2032-06-22,1100000,EUR,90.449,PERC,,TWEM,TWEM,TRADEWEB,1,D2C,MTF,DBFTFN,'3605418474244936425
2022-04-26 15:15:02.373000,BE0000354630,Corporate bond,The Kingdom of Belgium,0.35,2032-06-22,300000,EUR,90.603,PERC,,TWEM,TWEM,TRADEWEB,1,D2C,MTF,DBFTFN,'3605417374733308513
2022-04-26 14:34:39.843000,BE0000354630,Corporate bond,The Kingdom of Belgium,0.35,2032-06-22,1000,EUR,90.497,PERC,,TWEM,TWEM,TRADEWEB,1,D2C,MTF,DBFTFN,'3605417374733307882
2022-04-26 05:03:15.000000,BE0000354630,Corporate bond,The Kingdom of Belgium,0.35,2032-06-22,23700000,EUR,90.088,PERC,IDAF,TWEM,TWEM,TRADEWEB,6,D2C,MTF,DBFTFN,'7208297076629700692
2022-04-25 15:14:53.325000,BE0000354630,Corporate bond,The Kingdom of Belgium,0.35,2032-06-22,250000,EUR,90.384,PERC,,TWEM,TWEM,TRADEWEB,1,D2C,MTF,DBFTFN,'3605416275221678628
2022-04-22 15:13:09.453000,BE0000354630,Corporate bond,The Kingdom of Belgium,0.35,2032-06-22,10000,EUR,89.53,PERC,,TWEM,TWEM,TRADEWEB,1,D2C,MTF,DBFTFN,'3605412976686796872
2022-04-22 06:47:17.860000,BE0000354630,Corporate bond,The Kingdom of Belgium,0.35,2032-06-22,800000,EUR,89.888,PERC,,TWEM,TWEM,TRADEWEB,1,D2C,MTF,DBFTFN,'3605412976686792709
2022-04-21 15:16:02.553000,BE0000354630,Corporate bond,The Kingdom of Belgium,0.35,2032-06-22,500000,EUR,89.884,PERC,,TWEM,TWEM,TRADEWEB,1,D2C,MTF,DBFTFN,'3605411877175169620
2022-04-20 15:13:08.809000,BE0000354630,Corporate bond,The Kingdom of Belgium,0.35,2032-06-22,238000,EUR,90.249,PERC,,TWEM,TWEM,TRADEWEB,1,D2C,MTF,DBFTFN,'3605410777663541398
2022-04-19 05:02:57.000000,BE0000354630,Corporate bond,The Kingdom of Belgium,0.35,2032-06-22,79000000,EUR,91.257266,PERC,IDAF,TWEM,TWEM,TRADEWEB,4,D2C,MTF,DBFTFN,'7208289380048306243
2022-04-13 15:13:17.325000,BE0000354630,Corporate bond,The Kingdom of Belgium,0.35,2032-06-22,160000,EUR,91.197,PERC,,TWEM,TWEM,TRADEWEB,1,D2C,MTF,DBFTFN,'3605403081082146838
2022-04-13 10:59:06.307000,BE0000354630,Corporate bond,The Kingdom of Belgium,0.35,2032-06-22,603000,EUR,90.863,PERC,,TWEM,TWEM,TRADEWEB,1,D2C,MTF,DBFTFN,'3605403081082144966
2022-04-13 09:57:24.915000,BE0000354630,Corporate bond,The Kingdom of Belgium,0.35,2032-06-22,250000,EUR,90.703,PERC,,TWEM,TWEM,TRADEWEB,1,D2C,MTF,DBFTFN,'3605403081082144160
2022-04-13 09:53:58.496000,BE0000354630,Corporate bond,The Kingdom of Belgium,0.35,2032-06-22,335000,EUR,90.708,PERC,,TWEM,TWEM,TRADEWEB,1,D2C,MTF,DBFTFN,'3605403081082144137
2022-04-12 15:13:20.413000,BE0000354630,Corporate bond,The Kingdom of Belgium,0.35,2032-06-22,180000,EUR,90.898,PERC,,TWEM,TWEM,TRADEWEB,1,D2C,MTF,DBFTFN,'3605401981570519239
2022-04-12 05:03:22.000000,BE0000354630,Corporate bond,The Kingdom of Belgium,0.35,2032-06-22,19550000,EUR,92.743604,PERC,IDAF,TWEM,TWEM,TRADEWEB,6,D2C,MTF,DBFTFN,'7208281683466911868
2022-04-11 16:02:17.763000,BE0000354630,Corporate bond,The Kingdom of Belgium,0.35,2032-06-22,9000,EUR,90.804,PERC,,TWEM,TWEM,TRADEWEB,1,D2C,MTF,DBFTFN,'3605400882058891561
2022-04-08 15:23:43.402000,BE0000354630,Corporate bond,The Kingdom of Belgium,0.35,2032-06-22,200000,EUR,91.482,PERC,,TWEM,TWEM,TRADEWEB,1,D2C,MTF,DBFTFN,'3605397583524008135
2022-04-08 11:38:03.424000,BE0000354630,Corporate bond,The Kingdom of Belgium,0.35,2032-06-22,1800000,EUR,91.576,PERC,,TWEM,TWEM,TRADEWEB,1,D2C,MTF,DBFTFN,'3605397583524006317
2022-04-08 11:32:43.706000,BE0000354630,Corporate bond,The Kingdom of Belgium,0.35,2032-06-22,25000000,EUR,91.594,PERC,FULV ILQD SIZE TPAC,TWEM,TWEM,TRADEWEB,1,D2C,MTF,DBFTFN,'7208312469792496695
2022-04-08 11:32:43.706000,BE0000354630,Corporate bond,The Kingdom of Belgium,0.35,2032-06-22,,EUR,91.594,PERC,TPAC VOLO,TWEM,TWEM,TRADEWEB,1,D2C,MTF,DBFTFN,'7208281683466921592
2022-04-08 11:09:02.904000,BE0000354630,Corporate bond,The Kingdom of Belgium,0.35,2032-06-22,193000,EUR,91.504,PERC,,TWEM,TWEM,TRADEWEB,1,D2C,MTF,DBFTFN,'3605397583524005849
2022-04-08 09:06:29.869000,BE0000354630,Corporate bond,The Kingdom of Belgium,0.35,2032-06-22,1000000,EUR,91.573,PERC,,TWEM,TWEM,TRADEWEB,1,D2C,MTF,DBFTFN,'3605397583524005068
2022-04-06 15:15:20.471000,BE0000354630,Corporate bond,The Kingdom of Belgium,0.35,2032-06-22,57000,EUR,91.861,PERC,,TWEM,TWEM,TRADEWEB,1,D2C,MTF,DBFTFN,'3605395384500753321
2022-04-05 15:18:08.747000,BE0000354630,Corporate bond,The Kingdom of Belgium,0.35,2032-06-22,124000,EUR,92.131,PERC,,TWEM,TWEM,TRADEWEB,1,D2C,MTF,DBFTFN,'3605394284989125567
2022-04-05 12:39:44.447000,BE0000354630,Corporate bond,The Kingdom of Belgium,0.35,2032-06-22,900000,EUR,92.562,PERC,,TWEM,TWEM,TRADEWEB,1,D2C,MTF,DBFTFN,'3605394284989123817
2022-04-05 05:03:28.000000,BE0000354630,Corporate bond,The Kingdom of Belgium,0.35,2032-06-22,64050000,EUR,92.929991,PERC,IDAF,TWEM,TWEM,TRADEWEB,7,D2C,MTF,DBFTFN,'7208273986885517432
2022-04-04 12:42:00.397000,BE0000354630,Corporate bond,The Kingdom of Belgium,0.35,2032-06-22,108000,EUR,93.743,PERC,,TWEM,TWEM,TRADEWEB,1,D2C,MTF,DBFTFN,'3605393185477495814
2022-04-04 08:25:59.693000,BE0000354630,Corporate bond,The Kingdom of Belgium,0.35,2032-06-22,52000,EUR,93.686,PERC,,TWEM,TWEM,TRADEWEB,1,D2C,MTF,DBFTFN,'3605393185477493418
2022-04-01 15:00:04.482000,BE0000354630,Corporate bond,The Kingdom of Belgium,0.35,2032-06-22,99000,EUR,92.983,PERC,,TWEM,TWEM,TRADEWEB,1,D2C,MTF,DBFTFN,'3605389886942614084
2022-03-31 15:33:50.146000,BE0000354630,Corporate bond,The Kingdom of Belgium,0.35,2032-06-22,9000,EUR,93.577,PERC,,TWEM,TWEM,TRADEWEB,1,D2C,MTF,DBFTFN,'3605388787430988488
2022-03-31 15:19:33.440000,BE0000354630,Corporate bond,The Kingdom of Belgium,0.35,2032-06-22,32000,EUR,93.575,PERC,,TWEM,TWEM,TRADEWEB,1,D2C,MTF,DBFTFN,'3605388787430987925
2022-03-31 15:17:37.794000,BE0000354630,Corporate bond,The Kingdom of Belgium,0.35,2032-06-22,158000,EUR,93.556,PERC,,TWEM,TWEM,TRADEWEB,1,D2C,MTF,DBFTFN,'3605388787430987694
2022-03-31 15:17:02.496000,BE0000354630,Corporate bond,The Kingdom of Belgium,0.35,2032-06-22,7000,EUR,93.55,PERC,,TWEM,TWEM,TRADEWEB,1,D2C,MTF,DBFTFN,'3605388787430987557
2022-03-31 15:15:35.857000,BE0000354630,Corporate bond,The Kingdom of Belgium,0.35,2032-06-22,225000,EUR,93.618,PERC,,TWEM,TWEM,TRADEWEB,1,D2C,MTF,DBFTFN,'3605388787430987082
2022-03-31 15:15:31.957000,BE0000354630,Corporate bond,The Kingdom of Belgium,0.35,2032-06-22,1000000,EUR,93.568,PERC,,TWEM,TWEM,TRADEWEB,1,D2C,MTF,DBFTFN,'3605388787430987063
2022-03-31 15:15:27.845000,BE0000354630,Corporate bond,The Kingdom of Belgium,0.35,2032-06-22,735000,EUR,93.565,PERC,,TWEM,TWEM,TRADEWEB,1,D2C,MTF,DBFTFN,'3605388787430987038
2022-03-31 15:15:27.379000,BE0000354630,Corporate bond,The Kingdom of Belgium,0.35,2032-06-22,100000,EUR,93.578,PERC,,TWEM,TWEM,TRADEWEB,1,D2C,MTF,DBFTFN,'3605388787430987041
2022-03-31 15:14:16.988000,BE0000354630,Corporate bond,The Kingdom of Belgium,0.35,2032-06-22,70000,EUR,93.512,PERC,,TWEM,TWEM,TRADEWEB,1,D2C,MTF,DBFTFN,'3605388787430986614
2022-03-31 15:14:14.833000,BE0000354630,Corporate bond,The Kingdom of Belgium,0.35,2032-06-22,110000,EUR,93.582,PERC,,TWEM,TWEM,TRADEWEB,1,D2C,MTF,DBFTFN,'3605388787430986633
2022-03-31 15:11:35.661000,BE0000354630,Corporate bond,The Kingdom of Belgium,0.35,2032-06-22,432000,EUR,93.715,PERC,,TWEM,TWEM,TRADEWEB,1,D2C,MTF,DBFTFN,'3605388787430986264
2022-03-31 15:10:09.638000,BE0000354630,Corporate bond,The Kingdom of Belgium,0.35,2032-06-22,60100,EUR,93.719,PERC,,TWEM,TWEM,TRADEWEB,1,D2C,MTF,DBFTFN,'3605388787430986182
2022-03-31 15:09:27.747000,BE0000354630,Corporate bond,The Kingdom of Belgium,0.35,2032-06-22,420000,EUR,93.674,PERC,,TWEM,TWEM,TRADEWEB,1,D2C,MTF,DBFTFN,'3605388787430986163
2022-03-31 15:05:36.832000,BE0000354630,Corporate bond,The Kingdom of Belgium,0.35,2032-06-22,284000,EUR,93.639,PERC,,TWEM,TWEM,TRADEWEB,1,D2C,MTF,DBFTFN,'3605388787430986104
2022-03-31 14:15:47.934000,BE0000354630,Corporate bond,The Kingdom of Belgium,0.35,2032-06-22,1600000,EUR,93.269,PERC,,TWEM,TWEM,TRADEWEB,1,D2C,MTF,DBFTFN,'3605388787430985505
2022-03-31 13:41:43.404000,BE0000354630,Corporate bond,The Kingdom of Belgium,0.35,2032-06-22,4000,EUR,93.144,PERC,,TWEM,TWEM,TRADEWEB,1,D2C,MTF,DBFTFN,'3605388787430985044
2022-03-31 09:43:39.942000,BE0000354630,Corporate bond,The Kingdom of Belgium,0.35,2032-06-22,1530000,EUR,93.01,PERC,,TWEM,TWEM,TRADEWEB,1,D2C,MTF,DBFTFN,'3605388787430983027
2022-03-29 15:30:30.454000,BE0000354630,Corporate bond,The Kingdom of Belgium,0.35,2032-06-22,3900,EUR,92.821,PERC,,TWEM,TWEM,TRADEWEB,1,D2C,MTF,DBFTFN,'3605386588407731722
2022-03-28 15:19:03.406000,BE0000354630,Corporate bond,The Kingdom of Belgium,0.35,2032-06-22,4000,EUR,93.455,PERC,,TWEM,TWEM,TRADEWEB,1,D2C,MTF,DBFTFN,'3605385488896103116
2022-03-25 16:14:05.158000,BE0000354630,Corporate bond,The Kingdom of Belgium,0.35,2032-06-22,460000,EUR,93.51,PERC,,TWEM,TWEM,TRADEWEB,1,D2C,MTF,DBFTFN,'3605382190361219076
2022-03-24 16:32:17.801000,BE0000354630,Corporate bond,The Kingdom of Belgium,0.35,2032-06-22,90000,EUR,93.755,PERC,,TWEM,TWEM,TRADEWEB,1,D2C,MTF,DBFTFN,'3605381090849592056
2022-03-24 16:24:31.582000,BE0000354630,Corporate bond,The Kingdom of Belgium,0.35,2032-06-22,314000,EUR,93.755,PERC,,TWEM,TWEM,TRADEWEB,1,D2C,MTF,DBFTFN,'3605381090849591775
2022-03-24 16:14:35.266000,BE0000354630,Corporate bond,The Kingdom of Belgium,0.35,2032-06-22,400000,EUR,93.78,PERC,,TWEM,TWEM,TRADEWEB,1,D2C,MTF,DBFTFN,'3605381090849591537
2022-03-24 13:20:04.124000,BE0000354630,Corporate bond,The Kingdom of Belgium,0.35,2032-06-22,800000,EUR,93.734,PERC,,TWEM,TWEM,TRADEWEB,1,D2C,MTF,DBFTFN,'3605381090849589954
2022-03-23 16:50:48.288000,BE0000354630,Corporate bond,The Kingdom of Belgium,0.35,2032-06-22,53800,EUR,94.076,PERC,,TWEM,TWEM,TRADEWEB,1,D2C,MTF,DBFTFN,'3605379991337964320
2022-03-23 13:31:55.053000,BE0000354630,Corporate bond,The Kingdom of Belgium,0.35,2032-06-22,,EUR,93.968,PERC,TPAC VOLO,TWEM,TWEM,TRADEWEB,1,D2C,MTF,DBFTFN,'7208261892257612361
2022-03-23 13:31:55.053000,BE0000354630,Corporate bond,The Kingdom of Belgium,0.35,2032-06-22,4000000,EUR,93.968,PERC,FULV SIZE TPAC,TWEM,TWEM,TRADEWEB,1,D2C,MTF,DBFTFN,'7208292678583189789
2022-03-23 12:30:20.865000,BE0000354630,Corporate bond,The Kingdom of Belgium,0.35,2032-06-22,25000000,EUR,93.914,PERC,FULV SIZE TPAC,TWEM,TWEM,TRADEWEB,1,D2C,MTF,DBFTFN,'7208292678583189759
2022-03-23 12:30:20.865000,BE0000354630,Corporate bond,The Kingdom of Belgium,0.35,2032-06-22,,EUR,93.914,PERC,TPAC VOLO,TWEM,TWEM,TRADEWEB,1,D2C,MTF,DBFTFN,'7208261892257612331
2022-03-23 10:49:46.533000,BE0000354630,Corporate bond,The Kingdom of Belgium,0.35,2032-06-22,,EUR,93.988,PERC,TPAC VOLO,TWEM,TWEM,TRADEWEB,1,D2C,MTF,DBFTFN,'7208261892257612284
2022-03-23 10:49:46.533000,BE0000354630,Corporate bond,The Kingdom of Belgium,0.35,2032-06-22,40000000,EUR,93.988,PERC,FULV SIZE TPAC,TWEM,TWEM,TRADEWEB,1,D2C,MTF,DBFTFN,'7208292678583189712
2022-03-22 06:03:25.000000,BE0000354630,Corporate bond,The Kingdom of Belgium,0.35,2032-06-22,8800000,EUR,94.939045,PERC,IDAF,TWEM,TWEM,TRADEWEB,2,D2C,MTF,DBFTFN,'7208258593722728537
2022-03-18 16:14:56.252000,BE0000354630,Corporate bond,The Kingdom of Belgium,0.35,2032-06-22,1500000,EUR,94.933,PERC,,TWEM,TWEM,TRADEWEB,1,D2C,MTF,DBFTFN,'3605374493779824788
2022-03-18 11:58:22.237000,BE0000354630,Corporate bond,The Kingdom of Belgium,0.35,2032-06-22,50000,EUR,95.002,PERC,,TWEM,TWEM,TRADEWEB,1,D2C,MTF,DBFTFN,'3605374493779822442
2022-03-17 16:11:05.551000,BE0000354630,Corporate bond,The Kingdom of Belgium,0.35,2032-06-22,159000,EUR,94.705,PERC,,TWEM,TWEM,TRADEWEB,1,D2C,MTF,DBFTFN,'3605373394268197185
2022-03-17 12:08:24.859000,BE0000354630,Corporate bond,The Kingdom of Belgium,0.35,2032-06-22,200000,EUR,94.678,PERC,,TWEM,TWEM,TRADEWEB,1,D2C,MTF,DBFTFN,'3605373394268195079
2022-03-15 09:01:07.119000,BE0000354630,Corporate bond,The Kingdom of Belgium,0.35,2032-06-22,1875000,EUR,94.974,PERC,,TWEM,TWEM,TRADEWEB,1,D2C,MTF,DBFTFN,'3605371195244937739
2022-03-15 06:03:19.000000,BE0000354630,Corporate bond,The Kingdom of Belgium,0.35,2032-06-22,11000000,EUR,97.698,PERC,IDAF,TWEM,TWEM,TRADEWEB,3,D2C,MTF,DBFTFN,'7208250897141334112
2022-03-14 16:04:23.219000,BE0000354630,Corporate bond,The Kingdom of Belgium,0.35,2032-06-22,334000,EUR,94.602,PERC,,TWEM,TWEM,TRADEWEB,1,D2C,MTF,DBFTFN,'3605370095733313710
2022-03-14 11:08:45.206000,BE0000354630,Corporate bond,The Kingdom of Belgium,0.35,2032-06-22,1700000,EUR,94.944,PERC,,TWEM,TWEM,TRADEWEB,1,D2C,MTF,DBFTFN,'3605370095733311210
2022-03-10 16:13:07.868000,BE0000354630,Corporate bond,The Kingdom of Belgium,0.35,2032-06-22,6000,EUR,95.521,PERC,,TWEM,TWEM,TRADEWEB,1,D2C,MTF,DBFTFN,'3605365697686802780
2022-03-09 16:53:02.658000,BE0000354630,Corporate bond,The Kingdom of Belgium,0.35,2032-06-22,400000,EUR,96.395,PERC,,TWEM,TWEM,TRADEWEB,1,D2C,MTF,DBFTFN,'3605364598175177026
2022-03-08 16:26:36.754000,BE0000354630,Corporate bond,The Kingdom of Belgium,0.35,2032-06-22,4000,EUR,97.32,PERC,,TWEM,TWEM,TRADEWEB,1,D2C,MTF,DBFTFN,'3605363498663549640
2022-03-08 16:13:40.812000,BE0000354630,Corporate bond,The Kingdom of Belgium,0.35,2032-06-22,200000,EUR,97.351,PERC,,TWEM,TWEM,TRADEWEB,1,D2C,MTF,DBFTFN,'3605363498663549125
2022-03-08 06:03:42.000000,BE0000354630,Corporate bond,The Kingdom of Belgium,0.35,2032-06-22,45968400,EUR,97.920369,PERC,IDAF,TWEM,TWEM,TRADEWEB,6,D2C,MTF,DBFTFN,'7208243200559939728
2022-03-07 11:03:45.854000,BE0000354630,Corporate bond,The Kingdom of Belgium,0.35,2032-06-22,10000000,EUR,98.4,PERC,FULV SIZE TPAC,TWEM,TWEM,TRADEWEB,1,D2C,MTF,DBFTFN,'7208275086397145226
2022-03-07 11:03:45.854000,BE0000354630,Corporate bond,The Kingdom of Belgium,0.35,2032-06-22,,EUR,98.4,PERC,TPAC VOLO,TWEM,TWEM,TRADEWEB,1,D2C,MTF,DBFTFN,'7208244300071567981
2022-03-04 16:28:38.599000,BE0000354630,Corporate bond,The Kingdom of Belgium,0.35,2032-06-22,294000,EUR,98.587,PERC,,TWEM,TWEM,TRADEWEB,1,D2C,MTF,DBFTFN,'3605359100617037645
2022-03-04 09:41:05.907000,BE0000354630,Corporate bond,The Kingdom of Belgium,0.35,2032-06-22,,EUR,98.211,PERC,TPAC VOLO,TWEM,TWEM,TRADEWEB,1,D2C,MTF,DBFTFN,'7208243200559950293
2022-03-04 09:41:05.907000,BE0000354630,Corporate bond,The Kingdom of Belgium,0.35,2032-06-22,2590000,EUR,98.211,PERC,FULV SIZE TPAC,TWEM,TWEM,TRADEWEB,1,D2C,MTF,DBFTFN,'7208273986885526287
2022-03-04 08:00:43.242000,BE0000354630,Corporate bond,The Kingdom of Belgium,0.35,2032-06-22,37500000,EUR,98.008,PERC,FULV SIZE TPAC,TWEM,TWEM,TRADEWEB,1,D2C,MTF,DBFTFN,'7208273986885526275
2022-03-04 08:00:43.242000,BE0000354630,Corporate bond,The Kingdom of Belgium,0.35,2032-06-22,,EUR,98.008,PERC,TPAC VOLO,TWEM,TWEM,TRADEWEB,1,D2C,MTF,DBFTFN,'7208243200559950281
2022-03-03 16:11:49.760000,BE0000354630,Corporate bond,The Kingdom of Belgium,0.35,2032-06-22,48000,EUR,97.892,PERC,,TWEM,TWEM,TRADEWEB,1,D2C,MTF,DBFTFN,'3605358001105408514
2022-03-03 15:57:53.451000,BE0000354630,Corporate bond,The Kingdom of Belgium,0.35,2032-06-22,22000,EUR,97.652,PERC,,TWEM,TWEM,TRADEWEB,1,D2C,MTF,DBFTFN,'3605358001105408289
2022-03-02 16:15:14.139000,BE0000354630,Corporate bond,The Kingdom of Belgium,0.35,2032-06-22,450000,EUR,98.159,PERC,,TWEM,TWEM,TRADEWEB,1,D2C,MTF,DBFTFN,'3605356901593782095
2022-03-02 16:11:27.718000,BE0000354630,Corporate bond,The Kingdom of Belgium,0.35,2032-06-22,24000,EUR,98.178,PERC,,TWEM,TWEM,TRADEWEB,1,D2C,MTF,DBFTFN,'3605356901593781688
2022-03-01 16:14:45.263000,BE0000354630,Corporate bond,The Kingdom of Belgium,0.35,2032-06-22,500000,EUR,99.118,PERC,,TWEM,TWEM,TRADEWEB,1,D2C,MTF,DBFTFN,'3605355802082154931
2022-03-01 15:50:28.677000,BE0000354630,Corporate bond,The Kingdom of Belgium,0.35,2032-06-22,1300000,EUR,99.265,PERC,,TWEM,TWEM,TRADEWEB,1,D2C,MTF,DBFTFN,'3605355802082154434
2022-03-01 14:59:10.804000,BE0000354630,Corporate bond,The Kingdom of Belgium,0.35,2032-06-22,11850000,EUR,98.877,PERC,FULV SIZE TPAC,TWEM,TWEM,TRADEWEB,1,D2C,MTF,DBFTFN,'7208268489327378784
2022-03-01 14:59:10.804000,BE0000354630,Corporate bond,The Kingdom of Belgium,0.35,2032-06-22,,EUR,98.877,PERC,TPAC VOLO,TWEM,TWEM,TRADEWEB,1,D2C,MTF,DBFTFN,'7208237703001801422
2022-02-28 16:19:22.455000,BE0000354630,Corporate bond,The Kingdom of Belgium,0.35,2032-06-22,61000,EUR,96.915,PERC,,TWEM,TWEM,TRADEWEB,1,D2C,MTF,DBFTFN,'3605354702570526791
2022-02-28 16:16:47.359000,BE0000354630,Corporate bond,The Kingdom of Belgium,0.35,2032-06-22,863000,EUR,96.952,PERC,,TWEM,TWEM,TRADEWEB,1,D2C,MTF,DBFTFN,'3605354702570526651
2022-02-28 16:16:01.746000,BE0000354630,Corporate bond,The Kingdom of Belgium,0.35,2032-06-22,940000,EUR,96.934,PERC,,TWEM,TWEM,TRADEWEB,1,D2C,MTF,DBFTFN,'3605354702570526545
2022-02-28 16:15:41.963000,BE0000354630,Corporate bond,The Kingdom of Belgium,0.35,2032-06-22,170000,EUR,96.911,PERC,,TWEM,TWEM,TRADEWEB,1,D2C,MTF,DBFTFN,'3605354702570526494
2022-02-28 16:14:56.242000,BE0000354630,Corporate bond,The Kingdom of Belgium,0.35,2032-06-22,348000,EUR,96.886,PERC,,TWEM,TWEM,TRADEWEB,1,D2C,MTF,DBFTFN,'3605354702570526294
2022-02-28 16:14:50.991000,BE0000354630,Corporate bond,The Kingdom of Belgium,0.35,2032-06-22,40000,EUR,96.9,PERC,,TWEM,TWEM,TRADEWEB,1,D2C,MTF,DBFTFN,'3605354702570526277
2022-02-28 16:14:17.550000,BE0000354630,Corporate bond,The Kingdom of Belgium,0.35,2032-06-22,190000,EUR,96.92,PERC,,TWEM,TWEM,TRADEWEB,1,D2C,MTF,DBFTFN,'3605354702570526086
2022-02-28 16:13:11.203000,BE0000354630,Corporate bond,The Kingdom of Belgium,0.35,2032-06-22,210000,EUR,96.921,PERC,,TWEM,TWEM,TRADEWEB,1,D2C,MTF,DBFTFN,'3605354702570525743
2022-02-28 16:02:53.357000,BE0000354630,Corporate bond,The Kingdom of Belgium,0.35,2032-06-22,250000,EUR,96.874,PERC,,TWEM,TWEM,TRADEWEB,1,D2C,MTF,DBFTFN,'3605354702570525454
2022-02-25 16:53:19.561000,BE0000354630,Corporate bond,The Kingdom of Belgium,0.35,2032-06-22,445000,EUR,96.362,PERC,,TWEM,TWEM,TRADEWEB,1,D2C,MTF,DBFTFN,'3605351404035643279
2022-02-25 16:15:06.331000,BE0000354630,Corporate bond,The Kingdom of Belgium,0.35,2032-06-22,250000,EUR,96.42,PERC,,TWEM,TWEM,TRADEWEB,1,D2C,MTF,DBFTFN,'3605351404035642921
2022-02-25 15:38:31.278000,BE0000354630,Corporate bond,The Kingdom of Belgium,0.35,2032-06-22,22000,EUR,96.449,PERC,,TWEM,TWEM,TRADEWEB,1,D2C,MTF,DBFTFN,'3605351404035642374
2022-02-24 16:19:43.264000,BE0000354630,Corporate bond,The Kingdom of Belgium,0.35,2032-06-22,312000,EUR,96.786,PERC,,TWEM,TWEM,TRADEWEB,1,D2C,MTF,DBFTFN,'3605350304524016629
2022-02-24 16:15:19.452000,BE0000354630,Corporate bond,The Kingdom of Belgium,0.35,2032-06-22,1500000,EUR,96.807,PERC,,TWEM,TWEM,TRADEWEB,1,D2C,MTF,DBFTFN,'3605350304524016393
2022-02-23 16:44:44.993000,BE0000354630,Corporate bond,The Kingdom of Belgium,0.35,2032-06-22,7940,EUR,96.124,PERC,,TWEM,TWEM,TRADEWEB,1,D2C,MTF,DBFTFN,'3605349205012386590
2022-02-23 16:15:09.141000,BE0000354630,Corporate bond,The Kingdom of Belgium,0.35,2032-06-22,20000,EUR,96.1,PERC,,TWEM,TWEM,TRADEWEB,1,D2C,MTF,DBFTFN,'3605349205012386246
2022-02-22 16:14:19.126000,BE0000354630,Corporate bond,The Kingdom of Belgium,0.35,2032-06-22,400000,EUR,96.035,PERC,,TWEM,TWEM,TRADEWEB,1,D2C,MTF,DBFTFN,'3605348105500759571
2022-02-22 08:18:26.255000,BE0000354630,Corporate bond,The Kingdom of Belgium,0.35,2032-06-22,1000000,EUR,96.571,PERC,,TWEM,TWEM,TRADEWEB,1,D2C,MTF,DBFTFN,'3605348105500754223
2022-02-21 16:14:05.448000,BE0000354630,Corporate bond,The Kingdom of Belgium,0.35,2032-06-22,100000,EUR,96.236,PERC,,TWEM,TWEM,TRADEWEB,1,D2C,MTF,DBFTFN,'3605347005989130745
2022-02-15 16:37:35.776000,BE0000354630,Corporate bond,The Kingdom of Belgium,0.35,2032-06-22,763000,EUR,95.582,PERC,,TWEM,TWEM,TRADEWEB,1,D2C,MTF,DBFTFN,'3605340408919364836
2022-02-15 15:37:40.732000,BE0000354630,Corporate bond,The Kingdom of Belgium,0.35,2032-06-22,1050000,EUR,95.497,PERC,,TWEM,TWEM,TRADEWEB,1,D2C,MTF,DBFTFN,'3605340408919364032
2022-02-15 09:12:51.458000,BE0000354630,Corporate bond,The Kingdom of Belgium,0.35,2032-06-22,1200000,EUR,95.739,PERC,,TWEM,TWEM,TRADEWEB,1,D2C,MTF,DBFTFN,'3605340408919360196
2022-02-15 06:03:41.000000,BE0000354630,Corporate bond,The Kingdom of Belgium,0.35,2032-06-22,10800000,EUR,96.676574,PERC,IDAF,TWEM,TWEM,TRADEWEB,4,D2C,MTF,DBFTFN,'7208220110815756392
2022-02-14 12:45:00.001000,BE0000354630,Corporate bond,The Kingdom of Belgium,0.35,2032-06-22,1000000,EUR,96.342,PERC,,TWEM,TWEM,TRADEWEB,1,D2C,MTF,DBFTFN,'3605339309407734857
2022-02-14 12:40:48.414000,BE0000354630,Corporate bond,The Kingdom of Belgium,0.35,2032-06-22,850000,EUR,96.302,PERC,,TWEM,TWEM,TRADEWEB,1,D2C,MTF,DBFTFN,'3605339309407734819
2022-02-14 12:06:10.400000,BE0000354630,Corporate bond,The Kingdom of Belgium,0.35,2032-06-22,50000,EUR,96.538,PERC,,TWEM,TWEM,TRADEWEB,1,D2C,MTF,DBFTFN,'3605339309407734626
2022-02-14 11:19:50.799000,BE0000354630,Corporate bond,The Kingdom of Belgium,0.35,2032-06-22,800000,EUR,96.397,PERC,,TWEM,TWEM,TRADEWEB,1,D2C,MTF,DBFTFN,'3605339309407734295
2022-02-14 09:22:31.852000,BE0000354630,Corporate bond,The Kingdom of Belgium,0.35,2032-06-22,10000,EUR,96.568,PERC,,TWEM,TWEM,TRADEWEB,1,D2C,MTF,DBFTFN,'3605339309407732757
2022-02-11 17:01:51.382000,BE0000354630,Corporate bond,The Kingdom of Belgium,0.35,2032-06-22,1335800,EUR,95.796,PERC,,TWEM,TWEM,TRADEWEB,1,D2C,MTF,DBFTFN,'3605336010872853327
2022-02-11 16:13:14.444000,BE0000354630,Corporate bond,The Kingdom of Belgium,0.35,2032-06-22,50000,EUR,95.928,PERC,,TWEM,TWEM,TRADEWEB,1,D2C,MTF,DBFTFN,'3605336010872852969
2022-02-11 15:11:02.054000,BE0000354630,Corporate bond,The Kingdom of Belgium,0.35,2032-06-22,515000,EUR,96.229,PERC,,TWEM,TWEM,TRADEWEB,1,D2C,MTF,DBFTFN,'3605336010872852440
2022-02-11 14:55:09.441000,BE0000354630,Corporate bond,The Kingdom of Belgium,0.35,2032-06-22,625000,EUR,96.131,PERC,,TWEM,TWEM,TRADEWEB,1,D2C,MTF,DBFTFN,'3605336010872852277
2022-02-11 13:20:55.235000,BE0000354630,Corporate bond,The Kingdom of Belgium,0.35,2032-06-22,1000000,EUR,96.102,PERC,,TWEM,TWEM,TRADEWEB,1,D2C,MTF,DBFTFN,'3605336010872851499
2022-02-10 15:32:49.738000,BE0000354630,Corporate bond,The Kingdom of Belgium,0.35,2032-06-22,400000,EUR,96.199,PERC,,TWEM,TWEM,TRADEWEB,1,D2C,MTF,DBFTFN,'3605334911361224690
2022-02-10 09:43:32.548000,BE0000354630,Corporate bond,The Kingdom of Belgium,0.35,2032-06-22,53000,EUR,96.489,PERC,,TWEM,TWEM,TRADEWEB,1,D2C,MTF,DBFTFN,'3605334911361221694
2022-02-10 09:31:50.129000,BE0000354630,Corporate bond,The Kingdom of Belgium,0.35,2032-06-22,78000,EUR,96.479,PERC,,TWEM,TWEM,TRADEWEB,1,D2C,MTF,DBFTFN,'3605334911361221538
2022-02-10 09:04:30.137000,BE0000354630,Corporate bond,The Kingdom of Belgium,0.35,2032-06-22,270000,EUR,96.54,PERC,,TWEM,TWEM,TRADEWEB,1,D2C,MTF,DBFTFN,'3605334911361221167
2022-02-08 16:13:09.324000,BE0000354630,Corporate bond,The Kingdom of Belgium,0.35,2032-06-22,249000,EUR,96.319,PERC,,TWEM,TWEM,TRADEWEB,1,D2C,MTF,DBFTFN,'3605332712337970023
2022-02-07 16:14:10.599000,BE0000354630,Corporate bond,The Kingdom of Belgium,0.35,2032-06-22,60000,EUR,96.685,PERC,,TWEM,TWEM,TRADEWEB,1,D2C,MTF,DBFTFN,'3605331612826342408
2022-02-07 15:33:45.402000,BE0000354630,Corporate bond,The Kingdom of Belgium,0.35,2032-06-22,830000,EUR,96.803,PERC,,TWEM,TWEM,TRADEWEB,1,D2C,MTF,DBFTFN,'3605331612826341939
2022-02-07 08:23:13.969000,BE0000354630,Corporate bond,The Kingdom of Belgium,0.35,2032-06-22,800000,EUR,96.947,PERC,,TWEM,TWEM,TRADEWEB,1,D2C,MTF,DBFTFN,'3605331612826337534
2022-02-04 16:15:05.009000,BE0000354630,Corporate bond,The Kingdom of Belgium,0.35,2032-06-22,10000,EUR,97.055,PERC,,TWEM,TWEM,TRADEWEB,1,D2C,MTF,DBFTFN,'3605328314291459142
2022-02-03 10:32:33.003000,BE0000354630,Corporate bond,The Kingdom of Belgium,0.35,2032-06-22,785000,EUR,99.05,PERC,,TWEM,TWEM,TRADEWEB,1,D2C,MTF,DBFTFN,'3605327214779827615
2022-02-02 07:51:38.008000,BE0000354630,Corporate bond,The Kingdom of Belgium,0.35,2032-06-22,1000000,EUR,99.229,PERC,,TWEM,TWEM,TRADEWEB,1,D2C,MTF,DBFTFN,'3605326115268198416
2022-02-01 15:47:34.430000,BE0000354630,Corporate bond,The Kingdom of Belgium,0.35,2032-06-22,100000,EUR,99.049,PERC,,TWEM,TWEM,TRADEWEB,1,D2C,MTF,DBFTFN,'3605325015756575569
2022-02-01 11:43:18.704000,BE0000354630,Corporate bond,The Kingdom of Belgium,0.35,2032-06-22,176603,EUR,99.472,PERC,,TWEM,TWEM,TRADEWEB,1,D2C,MTF,DBFTFN,'3605325015756573344
2022-02-01 06:03:51.000000,BE0000354630,Corporate bond,The Kingdom of Belgium,0.35,2032-06-22,20000000,EUR,100.39025,PERC,IDAF,TWEM,TWEM,TRADEWEB,2,D2C,MTF,DBFTFN,'7208204717652967595
2022-01-31 16:19:07.000000,BE0000354630,Corporate bond,The Kingdom of Belgium,0.35,2032-06-22,1262000,EUR,99.338,PERC,,TWEM,TWEM,TRADEWEB,1,D2C,MTF,DBFTFN,'3605323916244949236
2022-01-31 16:16:54.391000,BE0000354630,Corporate bond,The Kingdom of Belgium,0.35,2032-06-22,21000,EUR,99.299,PERC,,TWEM,TWEM,TRADEWEB,1,D2C,MTF,DBFTFN,'3605323916244949129
2022-01-31 16:16:07.790000,BE0000354630,Corporate bond,The Kingdom of Belgium,0.35,2032-06-22,554000,EUR,99.275,PERC,,TWEM,TWEM,TRADEWEB,1,D2C,MTF,DBFTFN,'3605323916244948920
2022-01-31 16:15:17.668000,BE0000354630,Corporate bond,The Kingdom of Belgium,0.35,2032-06-22,400000,EUR,99.316,PERC,,TWEM,TWEM,TRADEWEB,1,D2C,MTF,DBFTFN,'3605323916244948666
2022-01-31 16:15:08.732000,BE0000354630,Corporate bond,The Kingdom of Belgium,0.35,2032-06-22,1807000,EUR,99.318,PERC,,TWEM,TWEM,TRADEWEB,1,D2C,MTF,DBFTFN,'3605323916244948623
2022-01-31 16:14:33.751000,BE0000354630,Corporate bond,The Kingdom of Belgium,0.35,2032-06-22,73000,EUR,99.312,PERC,,TWEM,TWEM,TRADEWEB,1,D2C,MTF,DBFTFN,'3605323916244948456
2022-01-31 16:14:14.456000,BE0000354630,Corporate bond,The Kingdom of Belgium,0.35,2032-06-22,900000,EUR,99.363,PERC,,TWEM,TWEM,TRADEWEB,1,D2C,MTF,DBFTFN,'3605323916244948338
2022-01-31 16:12:18.208000,BE0000354630,Corporate bond,The Kingdom of Belgium,0.35,2032-06-22,83000,EUR,99.392,PERC,,TWEM,TWEM,TRADEWEB,1,D2C,MTF,DBFTFN,'3605323916244947897
2022-01-31 16:12:13.193000,BE0000354630,Corporate bond,The Kingdom of Belgium,0.35,2032-06-22,650000,EUR,99.406,PERC,,TWEM,TWEM,TRADEWEB,1,D2C,MTF,DBFTFN,'3605323916244947884
2022-01-31 16:11:19.055000,BE0000354630,Corporate bond,The Kingdom of Belgium,0.35,2032-06-22,453000,EUR,99.415,PERC,,TWEM,TWEM,TRADEWEB,1,D2C,MTF,DBFTFN,'3605323916244947819
2022-01-28 16:15:15.623000,BE0000354630,Corporate bond,The Kingdom of Belgium,0.35,2032-06-22,200000,EUR,99.931,PERC,,TWEM,TWEM,TRADEWEB,1,D2C,MTF,DBFTFN,'3605320617710064143
2022-01-27 10:22:34.597000,BE0000354630,Corporate bond,The Kingdom of Belgium,0.35,2032-06-22,150000,EUR,99.966,PERC,,TWEM,TWEM,TRADEWEB,1,D2C,MTF,DBFTFN,'3605319518198433520
2022-01-26 16:14:10.316000,BE0000354630,Corporate bond,The Kingdom of Belgium,0.35,2032-06-22,300000,EUR,100.103,PERC,,TWEM,TWEM,TRADEWEB,1,D2C,MTF,DBFTFN,'3605318418686809542
