Historical Rts2 Post Trade Microsecond,Historical Rts2 Instrument Identification Code,Bond Type Bond Type Desc,Instruments New Issuer Name,Instruments New Bond Fixed Rate,Instruments New Bond Maturity Date,Historical Rts2 Notional Amount,Historical Rts2 Notional Currency,Historical Rts2 Price,Historical Rts2 Price Notation,Historical Rts2 Flag List,Historical Rts2 Venue of Execution,Historical Rts2 Venue of Publication,Mifid Entities Commercial Name,Historical Rts2 Transaction Count,Mifid Entities Platform Type,Mifid Entities Trading Venue Types,Instruments New Cfi,Historical Rts2 Transaction Identification Code
2022-07-21 14:06:19.875000,FR0014003513,Corporate bond,DIRECTION GENERALE DU TRESOR,0,2027-02-25,100000,EUR,94.575,PERC,,BTFE,BTFE,BLOOMBERG,1,D2C,MTF,DBFTFB,259b31f0-6ad4-4283-92d0-201104d700d6
2022-07-21 10:37:07.440000,FR0014003513,Corporate bond,DIRECTION GENERALE DU TRESOR,0,2027-02-25,21662,EUR,94.4995,PERC,,BTFE,BTFE,BLOOMBERG,1,D2C,MTF,DBFTFB,e7896d5a-5c62-4914-8d85-209e53c36cf1
2022-07-21 08:48:54.213000,FR0014003513,Corporate bond,DIRECTION GENERALE DU TRESOR,0,2027-02-25,1955000,EUR,94.238,PERC,,BTFE,BTFE,BLOOMBERG,1,D2C,MTF,DBFTFB,8f58b063-7881-44c8-bc05-86d4ddb8c56e
2022-07-21 08:48:53.053000,FR0014003513,Corporate bond,DIRECTION GENERALE DU TRESOR,0,2027-02-25,1955000,EUR,94.243,PERC,,BTFE,BTFE,BLOOMBERG,1,D2C,MTF,DBFTFB,3d82846c-46b0-455c-8d5f-55b6c9b10f12
2022-07-20 14:06:07.390000,FR0014003513,Corporate bond,DIRECTION GENERALE DU TRESOR,0,2027-02-25,2000000,EUR,94.605,PERC,,BTFE,BTFE,BLOOMBERG,1,D2C,MTF,DBFTFB,50cd3ae6-2654-4073-8ea1-1354e1e0ce6c
2022-07-20 12:32:55.923000,FR0014003513,Corporate bond,DIRECTION GENERALE DU TRESOR,0,2027-02-25,50000,EUR,94.805,PERC,,BTFE,BTFE,BLOOMBERG,1,D2C,MTF,DBFTFB,392100df-55c0-43c2-9376-e8f430e732c0
2022-07-20 10:10:29.795000,FR0014003513,Corporate bond,DIRECTION GENERALE DU TRESOR,0,2027-02-25,2000000,EUR,94.741,PERC,,BTFE,BTFE,BLOOMBERG,1,D2C,MTF,DBFTFB,af4960fc-e219-46d1-9484-587dbf78b895
2022-07-20 08:48:20.787000,FR0014003513,Corporate bond,DIRECTION GENERALE DU TRESOR,0,2027-02-25,25000,EUR,94.709,PERC,,BTFE,BTFE,BLOOMBERG,1,D2C,MTF,DBFTFB,adca8188-c056-40af-9a9c-c6228ddfca43
2022-07-19 15:14:49.160000,FR0014003513,Corporate bond,DIRECTION GENERALE DU TRESOR,0,2027-02-25,100000,EUR,94.536,PERC,,BTFE,BTFE,BLOOMBERG,1,D2C,MTF,DBFTFB,334ca208-c454-497c-ba2b-796914f8a5cc
2022-07-19 11:41:10.839000,FR0014003513,Corporate bond,DIRECTION GENERALE DU TRESOR,0,2027-02-25,7000,EUR,94.6675,PERC,,BTFE,BTFE,BLOOMBERG,1,D2C,MTF,DBFTFB,e7d7db2f-24f5-4d06-9bb6-23010f6cf7b9
2022-07-19 11:32:49.873000,FR0014003513,Corporate bond,DIRECTION GENERALE DU TRESOR,0,2027-02-25,2200000,EUR,94.709,PERC,,BTFE,BTFE,BLOOMBERG,1,D2C,MTF,DBFTFB,01c07778-7904-4630-9541-f9e9dee2a2b1
2022-07-19 11:29:59.717000,FR0014003513,Corporate bond,DIRECTION GENERALE DU TRESOR,0,2027-02-25,800000,EUR,94.744,PERC,,BTFE,BTFE,BLOOMBERG,1,D2C,MTF,DBFTFB,91848830-a0e9-482c-8f33-c45c09b9fabb
2022-07-19 11:29:05.991000,FR0014003513,Corporate bond,DIRECTION GENERALE DU TRESOR,0,2027-02-25,2200000,EUR,94.71,PERC,,BTFE,BTFE,BLOOMBERG,1,D2C,MTF,DBFTFB,f1b3ead2-2fcc-4b87-967e-ac6d3631827a
2022-07-19 10:02:17.095000,FR0014003513,Corporate bond,DIRECTION GENERALE DU TRESOR,0,2027-02-25,20000,EUR,94.644,PERC,,BTFE,BTFE,BLOOMBERG,1,D2C,MTF,DBFTFB,48487803-081c-4c66-8446-0a37a2176f4e
2022-07-19 08:46:30.383000,FR0014003513,Corporate bond,DIRECTION GENERALE DU TRESOR,0,2027-02-25,1500000,EUR,94.75,PERC,,BTFE,BTFE,BLOOMBERG,1,D2C,MTF,DBFTFB,9cf0d79c-467d-4c9f-a3ac-f502404a39d6
2022-07-19 08:45:17.088000,FR0014003513,Corporate bond,DIRECTION GENERALE DU TRESOR,0,2027-02-25,1500000,EUR,94.731,PERC,,BTFE,BTFE,BLOOMBERG,1,D2C,MTF,DBFTFB,fe167843-87b8-441e-a49e-3d2dac0e7f00
2022-07-19 07:18:26.955000,FR0014003513,Corporate bond,DIRECTION GENERALE DU TRESOR,0,2027-02-25,2500000,EUR,94.953,PERC,,BTFE,BTFE,BLOOMBERG,1,D2C,MTF,DBFTFB,80cab4e2-a230-46ac-bf1f-9ab66f01bf72
2022-07-19 07:18:25.182000,FR0014003513,Corporate bond,DIRECTION GENERALE DU TRESOR,0,2027-02-25,2500000,EUR,94.936,PERC,,BTFE,BTFE,BLOOMBERG,1,D2C,MTF,DBFTFB,157d1703-45ac-4180-a761-35ed7540cdda
2022-07-19 06:45:35.044706,FR0014003513,Corporate bond,DIRECTION GENERALE DU TRESOR,0,2027-02-25,205068000,EUR,95.214379,PERC,IDAF SIZE,BTFE,BTFE,BLOOMBERG,14,D2C,MTF,DBFTFB,
2022-07-18 15:15:07.107000,FR0014003513,Corporate bond,DIRECTION GENERALE DU TRESOR,0,2027-02-25,310000,EUR,94.865,PERC,,BTFE,BTFE,BLOOMBERG,1,D2C,MTF,DBFTFB,2b24fc07-1309-4af7-abe5-9d8d259291e1
2022-07-18 14:39:46.185000,FR0014003513,Corporate bond,DIRECTION GENERALE DU TRESOR,0,2027-02-25,2000,EUR,94.829,PERC,,BTFE,BTFE,BLOOMBERG,1,D2C,MTF,DBFTFB,91074173-472b-4dfd-97a7-3216c35a92cd
2022-07-18 12:57:41.227000,FR0014003513,Corporate bond,DIRECTION GENERALE DU TRESOR,0,2027-02-25,1000000,EUR,94.766,PERC,,BTFE,BTFE,BLOOMBERG,1,D2C,MTF,DBFTFB,ba0cf55c-21c3-4472-b187-aa4a47252fbd
2022-07-18 12:30:10.227000,FR0014003513,Corporate bond,DIRECTION GENERALE DU TRESOR,0,2027-02-25,102000,EUR,94.753,PERC,,BTFE,BTFE,BLOOMBERG,1,D2C,MTF,DBFTFB,141c3fc9-d54b-4d7c-8c06-e37ae5041e59
2022-07-18 12:02:57.172000,FR0014003513,Corporate bond,DIRECTION GENERALE DU TRESOR,0,2027-02-25,526,EUR,94.866,PERC,,BTFE,BTFE,BLOOMBERG,1,D2C,MTF,DBFTFB,26443e97-c91c-4445-bed2-3079c8192ff2
2022-07-18 12:02:43.660000,FR0014003513,Corporate bond,DIRECTION GENERALE DU TRESOR,0,2027-02-25,8991,EUR,94.848,PERC,,BTFE,BTFE,BLOOMBERG,1,D2C,MTF,DBFTFB,e9d7980b-3c9d-4e7f-a431-d3363c023e75
2022-07-15 15:15:54.589000,FR0014003513,Corporate bond,DIRECTION GENERALE DU TRESOR,0,2027-02-25,1680000,EUR,95.209,PERC,,BTFE,BTFE,BLOOMBERG,1,D2C,MTF,DBFTFB,2970161e-7329-46fd-a12e-d7a72dabbcb2
2022-07-15 12:11:07.901000,FR0014003513,Corporate bond,DIRECTION GENERALE DU TRESOR,0,2027-02-25,326,EUR,95.084,PERC,,BTFE,BTFE,BLOOMBERG,1,D2C,MTF,DBFTFB,40f71218-05b9-45e6-bbd4-845e814985b9
2022-07-15 10:46:18.498000,FR0014003513,Corporate bond,DIRECTION GENERALE DU TRESOR,0,2027-02-25,15000,EUR,95.103,PERC,,BTFE,BTFE,BLOOMBERG,1,D2C,MTF,DBFTFB,f4420460-85f5-4fe8-9634-64bd06c5a560
2022-07-15 09:28:51.892000,FR0014003513,Corporate bond,DIRECTION GENERALE DU TRESOR,0,2027-02-25,500000,EUR,95.327,PERC,,BTFE,BTFE,BLOOMBERG,1,D2C,MTF,DBFTFB,4504a92c-6ac6-49a4-b098-4444233eaac7
2022-07-14 15:15:20.572000,FR0014003513,Corporate bond,DIRECTION GENERALE DU TRESOR,0,2027-02-25,1900000,EUR,94.897,PERC,,BTFE,BTFE,BLOOMBERG,1,D2C,MTF,DBFTFB,23a3c091-fe6d-41c8-a40a-1f6f84b108a2
2022-07-14 14:59:36.369000,FR0014003513,Corporate bond,DIRECTION GENERALE DU TRESOR,0,2027-02-25,660000,EUR,94.86,PERC,,BTFE,BTFE,BLOOMBERG,1,D2C,MTF,DBFTFB,52ea5340-ad45-4435-9697-065d548cfc31
2022-07-14 14:43:00.677000,FR0014003513,Corporate bond,DIRECTION GENERALE DU TRESOR,0,2027-02-25,600000,EUR,94.75,PERC,,BTFE,BTFE,BLOOMBERG,1,D2C,MTF,DBFTFB,16982349-20be-47e4-a9a0-fa4862113b96
2022-07-14 13:13:52.997000,FR0014003513,Corporate bond,DIRECTION GENERALE DU TRESOR,0,2027-02-25,3140,EUR,94.801,PERC,,BTFE,BTFE,BLOOMBERG,1,D2C,MTF,DBFTFB,3e4d5191-71bc-46a6-bb23-c70f58bac827
2022-07-13 15:15:01.134000,FR0014003513,Corporate bond,DIRECTION GENERALE DU TRESOR,0,2027-02-25,2000000,EUR,95.208,PERC,,BTFE,BTFE,BLOOMBERG,1,D2C,MTF,DBFTFB,53cdfd24-5cf1-4a2e-88bd-91ff09eec657
2022-07-13 12:44:03.630000,FR0014003513,Corporate bond,DIRECTION GENERALE DU TRESOR,0,2027-02-25,489,EUR,95.137,PERC,,BTFE,BTFE,BLOOMBERG,1,D2C,MTF,DBFTFB,786a4b90-1dea-463f-a234-def67dfbd29a
2022-07-13 07:27:13.180000,FR0014003513,Corporate bond,DIRECTION GENERALE DU TRESOR,0,2027-02-25,400000,EUR,95.408,PERC,,BTFE,BTFE,BLOOMBERG,1,D2C,MTF,DBFTFB,5461262e-a205-4ff1-b5d3-c89cb21bead6
2022-07-13 07:24:57.991000,FR0014003513,Corporate bond,DIRECTION GENERALE DU TRESOR,0,2027-02-25,50000,EUR,95.387,PERC,,BTFE,BTFE,BLOOMBERG,1,D2C,MTF,DBFTFB,569b5a17-0184-462b-ab5e-57aba7d0777b
2022-07-12 14:27:51.458000,FR0014003513,Corporate bond,DIRECTION GENERALE DU TRESOR,0,2027-02-25,200000,EUR,95.538,PERC,,BTFE,BTFE,BLOOMBERG,1,D2C,MTF,DBFTFB,a47f7bc7-fc94-48dc-97d1-9487bca44aaa
2022-07-12 12:44:51.870000,FR0014003513,Corporate bond,DIRECTION GENERALE DU TRESOR,0,2027-02-25,383,EUR,95.404,PERC,,BTFE,BTFE,BLOOMBERG,1,D2C,MTF,DBFTFB,033602b7-b1a4-4933-aa57-e19d1a87b000
2022-07-12 12:44:38.907000,FR0014003513,Corporate bond,DIRECTION GENERALE DU TRESOR,0,2027-02-25,1798,EUR,95.425,PERC,,BTFE,BTFE,BLOOMBERG,1,D2C,MTF,DBFTFB,447d95e7-8247-41e7-9e56-dc98e15a551c
2022-07-12 10:16:31.110000,FR0014003513,Corporate bond,DIRECTION GENERALE DU TRESOR,0,2027-02-25,100000,EUR,95.509,PERC,,BTFE,BTFE,BLOOMBERG,1,D2C,MTF,DBFTFB,074c12a5-437f-43ec-9634-2366fc5ad601
2022-07-12 07:42:29.632000,FR0014003513,Corporate bond,DIRECTION GENERALE DU TRESOR,0,2027-02-25,250000,EUR,95.308,PERC,,BTFE,BTFE,BLOOMBERG,1,D2C,MTF,DBFTFB,a55c09b7-e875-46d9-b524-f77dffc02294
2022-07-12 06:37:07.647744,FR0014003513,Corporate bond,DIRECTION GENERALE DU TRESOR,0,2027-02-25,132300000,EUR,94.611928,PERC,IDAF LRGS,BTFE,BTFE,BLOOMBERG,11,D2C,MTF,DBFTFB,
2022-07-11 12:39:57.606000,FR0014003513,Corporate bond,DIRECTION GENERALE DU TRESOR,0,2027-02-25,300000,EUR,94.876,PERC,,BTFE,BTFE,BLOOMBERG,1,D2C,MTF,DBFTFB,f4901f14-b479-4a4a-83ec-31e33ffca254
2022-07-11 12:28:55.984000,FR0014003513,Corporate bond,DIRECTION GENERALE DU TRESOR,0,2027-02-25,200000,EUR,94.87,PERC,,BTFE,BTFE,BLOOMBERG,1,D2C,MTF,DBFTFB,48d60ac9-f63d-4eb3-b8d7-bf4d2ebfad74
2022-07-11 09:59:03.040000,FR0014003513,Corporate bond,DIRECTION GENERALE DU TRESOR,0,2027-02-25,400000,EUR,94.729,PERC,,BTFE,BTFE,BLOOMBERG,1,D2C,MTF,DBFTFB,085b35fe-d16e-4cc7-b04f-7b68e6e722b4
2022-07-08 12:40:26.303000,FR0014003513,Corporate bond,DIRECTION GENERALE DU TRESOR,0,2027-02-25,149349,EUR,94.584,PERC,,BTFE,BTFE,BLOOMBERG,1,D2C,MTF,DBFTFB,1ed99fa3-d893-4bb0-9b03-3575f17156ac
2022-07-07 15:57:03.055000,FR0014003513,Corporate bond,DIRECTION GENERALE DU TRESOR,0,2027-02-25,6000,EUR,94.481,PERC,,BTFE,BTFE,BLOOMBERG,1,D2C,MTF,DBFTFB,648c74bf-72be-48e1-bc50-c14d876c247e
2022-07-07 15:14:12.844000,FR0014003513,Corporate bond,DIRECTION GENERALE DU TRESOR,0,2027-02-25,20000,EUR,94.589,PERC,,BTFE,BTFE,BLOOMBERG,1,D2C,MTF,DBFTFB,74b1779f-1326-4010-9bbd-91c4adac32a0
2022-07-07 12:44:23.929000,FR0014003513,Corporate bond,DIRECTION GENERALE DU TRESOR,0,2027-02-25,515,EUR,94.635,PERC,,BTFE,BTFE,BLOOMBERG,1,D2C,MTF,DBFTFB,519953ea-3e19-456e-8766-1df47f7d5e51
2022-07-07 12:44:08.789000,FR0014003513,Corporate bond,DIRECTION GENERALE DU TRESOR,0,2027-02-25,2980,EUR,94.637,PERC,,BTFE,BTFE,BLOOMBERG,1,D2C,MTF,DBFTFB,7deaacd7-7c9b-4be6-b2f6-28a4f15af634
2022-07-07 08:25:48.435000,FR0014003513,Corporate bond,DIRECTION GENERALE DU TRESOR,0,2027-02-25,3218,EUR,94.711,PERC,,BTFE,BTFE,BLOOMBERG,1,D2C,MTF,DBFTFB,35c19a4d-3423-467d-9a32-91da07a80a51
2022-07-06 09:22:17.506000,FR0014003513,Corporate bond,DIRECTION GENERALE DU TRESOR,0,2027-02-25,1261596,EUR,95.064,PERC,,BTFE,BTFE,BLOOMBERG,1,D2C,MTF,DBFTFB,2f5ce59d-0b50-43c9-b342-53a496fcb12e
2022-07-06 09:11:27.289000,FR0014003513,Corporate bond,DIRECTION GENERALE DU TRESOR,0,2027-02-25,20000,EUR,95.058,PERC,,BTFE,BTFE,BLOOMBERG,1,D2C,MTF,DBFTFB,14e190c2-6bfd-419e-aa7c-d74aa343f5b3
2022-07-05 12:05:00.010000,FR0014003513,Corporate bond,DIRECTION GENERALE DU TRESOR,0,2027-02-25,8000,EUR,94.539,PERC,,BTFE,BTFE,BLOOMBERG,1,D2C,MTF,DBFTFB,17061be0-98c1-4611-aad5-fd6cc26e4d0c
2022-07-05 10:27:35.372000,FR0014003513,Corporate bond,DIRECTION GENERALE DU TRESOR,0,2027-02-25,10000,EUR,94.424,PERC,,BTFE,BTFE,BLOOMBERG,1,D2C,MTF,DBFTFB,18cb038d-d740-43f4-ba72-c2fc1f736cfe
2022-07-05 06:49:08.445259,FR0014003513,Corporate bond,DIRECTION GENERALE DU TRESOR,0,2027-02-25,274290379,EUR,94.324579,PERC,IDAF SIZE,BTFE,BTFE,BLOOMBERG,15,D2C,MTF,DBFTFB,
2022-07-04 15:15:05.795000,FR0014003513,Corporate bond,DIRECTION GENERALE DU TRESOR,0,2027-02-25,1060000,EUR,94.187,PERC,,BTFE,BTFE,BLOOMBERG,1,D2C,MTF,DBFTFB,98af9a50-1319-4688-b35e-3f7ad866bfe0
2022-07-04 13:51:44.565000,FR0014003513,Corporate bond,DIRECTION GENERALE DU TRESOR,0,2027-02-25,30000,EUR,94.231,PERC,,BTFE,BTFE,BLOOMBERG,1,D2C,MTF,DBFTFB,b04895ed-7dbc-4231-ad35-742e4b7b1fca
2022-07-04 08:30:00.014000,FR0014003513,Corporate bond,DIRECTION GENERALE DU TRESOR,0,2027-02-25,1845642,EUR,94.615,PERC,,BTFE,BTFE,BLOOMBERG,1,D2C,MTF,DBFTFB,cada37fc-1d40-4e7f-a78f-ef9b8f9f21ca
2022-07-01 15:27:38.535000,FR0014003513,Corporate bond,DIRECTION GENERALE DU TRESOR,0,2027-02-25,500000,EUR,94.813,PERC,,BTFE,BTFE,BLOOMBERG,1,D2C,MTF,DBFTFB,b75e736c-0250-4248-b842-f74da6dffc4d
2022-07-01 13:23:15.893000,FR0014003513,Corporate bond,DIRECTION GENERALE DU TRESOR,0,2027-02-25,823000,EUR,94.749,PERC,,BTFE,BTFE,BLOOMBERG,1,D2C,MTF,DBFTFB,8e2b4c60-de0f-4a7e-a796-f3cef282bc21
2022-07-01 13:18:27.504000,FR0014003513,Corporate bond,DIRECTION GENERALE DU TRESOR,0,2027-02-25,750000,EUR,94.787,PERC,,BTFE,BTFE,BLOOMBERG,1,D2C,MTF,DBFTFB,ff88400a-4fef-4a6c-af17-97cd14a03a84
2022-07-01 13:18:21.307000,FR0014003513,Corporate bond,DIRECTION GENERALE DU TRESOR,0,2027-02-25,114000,EUR,94.813,PERC,,BTFE,BTFE,BLOOMBERG,1,D2C,MTF,DBFTFB,4d8d4d4a-6d7e-4b95-9548-9a8a4a94fe44
2022-07-01 13:00:37.838000,FR0014003513,Corporate bond,DIRECTION GENERALE DU TRESOR,0,2027-02-25,700000,EUR,94.654,PERC,,BTFE,BTFE,BLOOMBERG,1,D2C,MTF,DBFTFB,1d8ac81e-ec9d-4693-9445-f364153cf4c4
2022-07-01 11:51:25.577000,FR0014003513,Corporate bond,DIRECTION GENERALE DU TRESOR,0,2027-02-25,100000,EUR,94.412,PERC,,BTFE,BTFE,BLOOMBERG,1,D2C,MTF,DBFTFB,96d3eb71-da2b-4b4d-9af3-b44ff380c35a
2022-07-01 10:23:23.188000,FR0014003513,Corporate bond,DIRECTION GENERALE DU TRESOR,0,2027-02-25,8736,EUR,94.224,PERC,,BTFE,BTFE,BLOOMBERG,1,D2C,MTF,DBFTFB,217e0bf6-8583-4edd-a717-6327b7431a63
2022-07-01 09:26:14.188000,FR0014003513,Corporate bond,DIRECTION GENERALE DU TRESOR,0,2027-02-25,128612,EUR,93.994,PERC,,BTFE,BTFE,BLOOMBERG,1,D2C,MTF,DBFTFB,3fec432c-100a-4bcf-a5f4-a6ec86bc00e0
2022-07-01 08:25:39.706000,FR0014003513,Corporate bond,DIRECTION GENERALE DU TRESOR,0,2027-02-25,2250000,EUR,93.983,PERC,,BTFE,BTFE,BLOOMBERG,1,D2C,MTF,DBFTFB,fc7eff55-4a9f-4941-9452-61bb1c6fb70c
2022-06-30 15:14:47.612000,FR0014003513,Corporate bond,DIRECTION GENERALE DU TRESOR,0,2027-02-25,94000,EUR,94.012,PERC,,BTFE,BTFE,BLOOMBERG,1,D2C,MTF,DBFTFB,8aa0f3ba-814b-4aef-a9f6-075170314b2f
2022-06-30 15:11:16.908000,FR0014003513,Corporate bond,DIRECTION GENERALE DU TRESOR,0,2027-02-25,27000,EUR,93.994,PERC,,BTFE,BTFE,BLOOMBERG,1,D2C,MTF,DBFTFB,0139549a-dc05-4fbc-91ea-7b91d91e3106
2022-06-30 15:09:11.983000,FR0014003513,Corporate bond,DIRECTION GENERALE DU TRESOR,0,2027-02-25,100000,EUR,93.97,PERC,,BTFE,BTFE,BLOOMBERG,1,D2C,MTF,DBFTFB,ce1af241-f398-40cc-aa23-5783ced0327b
2022-06-30 15:07:26.551000,FR0014003513,Corporate bond,DIRECTION GENERALE DU TRESOR,0,2027-02-25,5000,EUR,93.985,PERC,,BTFE,BTFE,BLOOMBERG,1,D2C,MTF,DBFTFB,03a832b2-5a18-4a61-a11b-d5c2146159d6
2022-06-30 14:45:34.099000,FR0014003513,Corporate bond,DIRECTION GENERALE DU TRESOR,0,2027-02-25,300000,EUR,94.067,PERC,,BTFE,BTFE,BLOOMBERG,1,D2C,MTF,DBFTFB,46cec95b-311c-4287-bd8f-e3b8b722c83e
2022-06-30 14:19:41.508000,FR0014003513,Corporate bond,DIRECTION GENERALE DU TRESOR,0,2027-02-25,1500000,EUR,93.931,PERC,,BTFE,BTFE,BLOOMBERG,1,D2C,MTF,DBFTFB,e6b32b78-6958-4e5f-b5e4-a58b7daff655
2022-06-30 13:17:00.409000,FR0014003513,Corporate bond,DIRECTION GENERALE DU TRESOR,0,2027-02-25,400000,EUR,93.961,PERC,,BTFE,BTFE,BLOOMBERG,1,D2C,MTF,DBFTFB,f7b4cdb8-f94c-418a-ae42-2b316fd17761
2022-06-30 08:35:29.524000,FR0014003513,Corporate bond,DIRECTION GENERALE DU TRESOR,0,2027-02-25,76270,EUR,93.928,PERC,,BTFE,BTFE,BLOOMBERG,1,D2C,MTF,DBFTFB,f8b3dde6-13be-42c8-a9b4-5f5fb8faccd5
2022-06-30 08:30:55.179000,FR0014003513,Corporate bond,DIRECTION GENERALE DU TRESOR,0,2027-02-25,500000,EUR,93.903,PERC,,BTFE,BTFE,BLOOMBERG,1,D2C,MTF,DBFTFB,97f0836f-a245-4d80-91d0-caac1aa27b75
2022-06-29 15:14:31.892000,FR0014003513,Corporate bond,DIRECTION GENERALE DU TRESOR,0,2027-02-25,100000,EUR,93.434,PERC,,BTFE,BTFE,BLOOMBERG,1,D2C,MTF,DBFTFB,861b711d-b73e-4c26-9623-085646bf1ebd
2022-06-29 09:02:34.506000,FR0014003513,Corporate bond,DIRECTION GENERALE DU TRESOR,0,2027-02-25,560000,EUR,92.993,PERC,,BTFE,BTFE,BLOOMBERG,1,D2C,MTF,DBFTFB,30b201d2-e19b-43ac-9b94-d00ff6964de0
2022-06-28 09:20:21.217000,FR0014003513,Corporate bond,DIRECTION GENERALE DU TRESOR,0,2027-02-25,3189,EUR,92.876,PERC,,BTFE,BTFE,BLOOMBERG,1,D2C,MTF,DBFTFB,153a5f05-f6f9-491f-a22c-cc2267adc0d2
2022-06-28 08:17:03.052000,FR0014003513,Corporate bond,DIRECTION GENERALE DU TRESOR,0,2027-02-25,10401,EUR,92.822,PERC,,BTFE,BTFE,BLOOMBERG,1,D2C,MTF,DBFTFB,cbf8cefb-3aad-43b1-a36a-1a379b362b10
2022-06-28 08:07:12.674000,FR0014003513,Corporate bond,DIRECTION GENERALE DU TRESOR,0,2027-02-25,40813,EUR,92.786,PERC,,BTFE,BTFE,BLOOMBERG,1,D2C,MTF,DBFTFB,1f42814f-a344-477b-b718-1268f11d3a12
2022-06-28 06:53:06.340253,FR0014003513,Corporate bond,DIRECTION GENERALE DU TRESOR,0,2027-02-25,133616000,EUR,92.182266,PERC,IDAF SIZE,BTFE,BTFE,BLOOMBERG,6,D2C,MTF,DBFTFB,
2022-06-27 09:58:09.330000,FR0014003513,Corporate bond,DIRECTION GENERALE DU TRESOR,0,2027-02-25,5272,EUR,93.283,PERC,,BTFE,BTFE,BLOOMBERG,1,D2C,MTF,DBFTFB,3773b5d9-6f91-4635-a30d-be8e58f73185
2022-06-24 14:27:09.733000,FR0014003513,Corporate bond,DIRECTION GENERALE DU TRESOR,0,2027-02-25,100000,EUR,93.645,PERC,,BTFE,BTFE,BLOOMBERG,1,D2C,MTF,DBFTFB,76781241-4493-4357-98ee-b05c9a9896fd
2022-06-24 09:48:29.000000,FR0014003513,Corporate bond,DIRECTION GENERALE DU TRESOR,0,2027-02-25,729072,EUR,93.48,PERC,,BTFE,BTFE,BLOOMBERG,1,D2C,MTF,DBFTFB,4d459f24-aa33-47ab-94eb-ebc2744bd95d
2022-06-24 09:47:22.380000,FR0014003513,Corporate bond,DIRECTION GENERALE DU TRESOR,0,2027-02-25,413535,EUR,93.4635,PERC,,BTFE,BTFE,BLOOMBERG,1,D2C,MTF,DBFTFB,3554d9c1-5468-4f04-b1ed-99bc199ac02b
2022-06-23 11:21:26.842000,FR0014003513,Corporate bond,DIRECTION GENERALE DU TRESOR,0,2027-02-25,46661,EUR,93.316,PERC,,BTFE,BTFE,BLOOMBERG,1,D2C,MTF,DBFTFB,de3b9afc-3d4f-4797-838e-960314cf7ea9
2022-06-23 11:20:55.436000,FR0014003513,Corporate bond,DIRECTION GENERALE DU TRESOR,0,2027-02-25,49120,EUR,93.342,PERC,,BTFE,BTFE,BLOOMBERG,1,D2C,MTF,DBFTFB,6b66f647-6ff9-4a00-b6e7-22cdfc7649e3
2022-06-23 09:33:56.657000,FR0014003513,Corporate bond,DIRECTION GENERALE DU TRESOR,0,2027-02-25,1000000,EUR,93.552,PERC,,BTFE,BTFE,BLOOMBERG,1,D2C,MTF,DBFTFB,c6ad75c5-6f75-487b-addb-1c3c3b77ac2b
2022-06-23 09:28:23.679000,FR0014003513,Corporate bond,DIRECTION GENERALE DU TRESOR,0,2027-02-25,200000,EUR,93.508,PERC,,BTFE,BTFE,BLOOMBERG,1,D2C,MTF,DBFTFB,d981e750-a61d-44d8-8545-92e64cbb9ab5
2022-06-22 14:03:15.447000,FR0014003513,Corporate bond,DIRECTION GENERALE DU TRESOR,0,2027-02-25,1500000,EUR,92.616,PERC,,BTFE,BTFE,BLOOMBERG,1,D2C,MTF,DBFTFB,9c4fdbc3-9865-4ea4-b180-fa7d16a0e22d
2022-06-22 13:18:03.136000,FR0014003513,Corporate bond,DIRECTION GENERALE DU TRESOR,0,2027-02-25,2000,EUR,92.546,PERC,,BTFE,BTFE,BLOOMBERG,1,D2C,MTF,DBFTFB,24c281e1-3fd2-4649-b7e4-c9dae3b20d48
2022-06-22 11:28:53.012000,FR0014003513,Corporate bond,DIRECTION GENERALE DU TRESOR,0,2027-02-25,1823,EUR,92.38,PERC,,BTFE,BTFE,BLOOMBERG,1,D2C,MTF,DBFTFB,0a4e6be0-14a2-4024-a2d8-eb5aecdb89a5
2022-06-22 11:23:12.342000,FR0014003513,Corporate bond,DIRECTION GENERALE DU TRESOR,0,2027-02-25,7656,EUR,92.405,PERC,,BTFE,BTFE,BLOOMBERG,1,D2C,MTF,DBFTFB,eeb188b0-5dfd-49f5-8c6a-784d8d583fcd
2022-06-22 09:29:07.751000,FR0014003513,Corporate bond,DIRECTION GENERALE DU TRESOR,0,2027-02-25,100000,EUR,92.174,PERC,,BTFE,BTFE,BLOOMBERG,1,D2C,MTF,DBFTFB,186f24e8-6b4b-49ed-8ded-fb3fe94651e2
2022-06-22 08:21:33.011000,FR0014003513,Corporate bond,DIRECTION GENERALE DU TRESOR,0,2027-02-25,1500000,EUR,92.213,PERC,,BTFE,BTFE,BLOOMBERG,1,D2C,MTF,DBFTFB,74228beb-5643-4b5e-976e-2334402df033
2022-06-21 15:16:12.212000,FR0014003513,Corporate bond,DIRECTION GENERALE DU TRESOR,0,2027-02-25,1000000,EUR,91.861,PERC,,BTFE,BTFE,BLOOMBERG,1,D2C,MTF,DBFTFB,f6c6eb3e-be0b-4f74-8618-888de65d02d3
2022-06-21 10:51:19.811000,FR0014003513,Corporate bond,DIRECTION GENERALE DU TRESOR,0,2027-02-25,62880,EUR,91.942,PERC,,BTFE,BTFE,BLOOMBERG,1,D2C,MTF,DBFTFB,83ad3e72-5bf5-4dc4-a36b-fad560da9d02
2022-06-21 10:02:52.235000,FR0014003513,Corporate bond,DIRECTION GENERALE DU TRESOR,0,2027-02-25,21000,EUR,92.014,PERC,,BTFE,BTFE,BLOOMBERG,1,D2C,MTF,DBFTFB,5671d9cc-0078-4c31-8dc4-e87a5bfd8ae7
2022-06-21 08:50:26.243000,FR0014003513,Corporate bond,DIRECTION GENERALE DU TRESOR,0,2027-02-25,19696,EUR,92.079,PERC,,BTFE,BTFE,BLOOMBERG,1,D2C,MTF,DBFTFB,829ee7d1-80ba-4595-86d8-861a3ce95dad
2022-06-21 06:51:33.657121,FR0014003513,Corporate bond,DIRECTION GENERALE DU TRESOR,0,2027-02-25,369296178,EUR,92.053874,PERC,IDAF LRGS,BTFE,BTFE,BLOOMBERG,20,D2C,MTF,DBFTFB,
2022-06-20 09:04:49.800000,FR0014003513,Corporate bond,DIRECTION GENERALE DU TRESOR,0,2027-02-25,67000,EUR,92.477,PERC,,BTFE,BTFE,BLOOMBERG,1,D2C,MTF,DBFTFB,c1651ae3-d793-4665-9c79-2031acba5a35
2022-06-20 08:42:57.843000,FR0014003513,Corporate bond,DIRECTION GENERALE DU TRESOR,0,2027-02-25,774,EUR,92.413,PERC,,BTFE,BTFE,BLOOMBERG,1,D2C,MTF,DBFTFB,e6c8a87d-e62d-4a16-9ce8-81ac9bf074e8
2022-06-17 15:13:33.107000,FR0014003513,Corporate bond,DIRECTION GENERALE DU TRESOR,0,2027-02-25,300000,EUR,92.262,PERC,,BTFE,BTFE,BLOOMBERG,1,D2C,MTF,DBFTFB,5720d67e-1ef9-4d8e-a02f-3f69c67fbf3e
2022-06-17 14:31:34.579000,FR0014003513,Corporate bond,DIRECTION GENERALE DU TRESOR,0,2027-02-25,100000,EUR,91.963,PERC,,BTFE,BTFE,BLOOMBERG,1,D2C,MTF,DBFTFB,bc9aaae8-3adf-475f-a261-c47878ebd255
2022-06-17 13:20:11.308000,FR0014003513,Corporate bond,DIRECTION GENERALE DU TRESOR,0,2027-02-25,7543,EUR,92.215,PERC,,BTFE,BTFE,BLOOMBERG,1,D2C,MTF,DBFTFB,18a6db36-c115-4763-b58e-04b050e373e9
2022-06-17 10:43:46.071000,FR0014003513,Corporate bond,DIRECTION GENERALE DU TRESOR,0,2027-02-25,100000,EUR,92.328,PERC,,BTFE,BTFE,BLOOMBERG,1,D2C,MTF,DBFTFB,df7535ea-4045-431e-bf85-933cca6a2053
2022-06-17 08:11:51.657000,FR0014003513,Corporate bond,DIRECTION GENERALE DU TRESOR,0,2027-02-25,106528,EUR,92.112,PERC,,BTFE,BTFE,BLOOMBERG,1,D2C,MTF,DBFTFB,23841a6f-0250-4172-89b1-e886f344c058
2022-06-16 14:48:21.240000,FR0014003513,Corporate bond,DIRECTION GENERALE DU TRESOR,0,2027-02-25,58000,EUR,91.82,PERC,,BTFE,BTFE,BLOOMBERG,1,D2C,MTF,DBFTFB,7700e418-10ba-4e55-969d-22b5a8d07cc0
2022-06-16 13:16:17.338000,FR0014003513,Corporate bond,DIRECTION GENERALE DU TRESOR,0,2027-02-25,5000,EUR,91.553,PERC,,BTFE,BTFE,BLOOMBERG,1,D2C,MTF,DBFTFB,7127e8e1-8e7e-4489-8e8b-7907b0e8cdf9
2022-06-16 12:50:32.413000,FR0014003513,Corporate bond,DIRECTION GENERALE DU TRESOR,0,2027-02-25,2000000,EUR,91.496,PERC,,BTFE,BTFE,BLOOMBERG,1,D2C,MTF,DBFTFB,467c2169-45ca-453b-afd3-b511b26d8747
2022-06-16 12:13:32.195000,FR0014003513,Corporate bond,DIRECTION GENERALE DU TRESOR,0,2027-02-25,500000,EUR,91.533,PERC,,BTFE,BTFE,BLOOMBERG,1,D2C,MTF,DBFTFB,1ba248ea-6663-4772-b757-5f00e13e3554
2022-06-16 08:49:54.811000,FR0014003513,Corporate bond,DIRECTION GENERALE DU TRESOR,0,2027-02-25,14061,EUR,91.65,PERC,,BTFE,BTFE,BLOOMBERG,1,D2C,MTF,DBFTFB,003888b8-78ce-4f6e-8594-4a9f0637d232
2022-06-16 07:53:59.896000,FR0014003513,Corporate bond,DIRECTION GENERALE DU TRESOR,0,2027-02-25,2160000,EUR,91.811,PERC,,BTFE,BTFE,BLOOMBERG,1,D2C,MTF,DBFTFB,3931ef4e-920c-47b6-b00c-02838aef7b2c
2022-06-15 15:15:20.808000,FR0014003513,Corporate bond,DIRECTION GENERALE DU TRESOR,0,2027-02-25,200000,EUR,92.37,PERC,,BTFE,BTFE,BLOOMBERG,1,D2C,MTF,DBFTFB,97536e5e-f05a-4688-a47c-7aa0a92e63a1
2022-06-15 12:01:29.094000,FR0014003513,Corporate bond,DIRECTION GENERALE DU TRESOR,0,2027-02-25,21179,EUR,92.306,PERC,,BTFE,BTFE,BLOOMBERG,1,D2C,MTF,DBFTFB,aace5915-57e4-4142-af4e-84371b1ac9a2
2022-06-14 15:51:55.012000,FR0014003513,Corporate bond,DIRECTION GENERALE DU TRESOR,0,2027-02-25,2885000,EUR,91.573,PERC,,BTFE,BTFE,BLOOMBERG,1,D2C,MTF,DBFTFB,9e2e403e-c037-4812-8f4f-1d1ab2c92939
2022-06-14 14:51:04.292000,FR0014003513,Corporate bond,DIRECTION GENERALE DU TRESOR,0,2027-02-25,20000,EUR,91.751,PERC,,BTFE,BTFE,BLOOMBERG,1,D2C,MTF,DBFTFB,2005543f-5f13-4ed7-ae6d-1db9190c3168
2022-06-14 12:44:35.588000,FR0014003513,Corporate bond,DIRECTION GENERALE DU TRESOR,0,2027-02-25,300000,EUR,91.981,PERC,,BTFE,BTFE,BLOOMBERG,1,D2C,MTF,DBFTFB,ad8cfa45-c2fa-4ff8-aec9-84757e4bb573
2022-06-14 11:51:53.134000,FR0014003513,Corporate bond,DIRECTION GENERALE DU TRESOR,0,2027-02-25,1700000,EUR,91.84,PERC,,BTFE,BTFE,BLOOMBERG,1,D2C,MTF,DBFTFB,149598e5-1dc6-460c-8521-51a179c354e5
2022-06-14 06:48:15.041711,FR0014003513,Corporate bond,DIRECTION GENERALE DU TRESOR,0,2027-02-25,386604000,EUR,93.72601,PERC,IDAF SIZE,BTFE,BTFE,BLOOMBERG,16,D2C,MTF,DBFTFB,
2022-06-13 14:20:39.547000,FR0014003513,Corporate bond,DIRECTION GENERALE DU TRESOR,0,2027-02-25,29000,EUR,92.112,PERC,,BTFE,BTFE,BLOOMBERG,1,D2C,MTF,DBFTFB,57271864-a8b6-497f-aecf-892cb17236bb
2022-06-13 13:22:02.401000,FR0014003513,Corporate bond,DIRECTION GENERALE DU TRESOR,0,2027-02-25,2000000,EUR,92.077,PERC,TPAC,BTFE,BTFE,BLOOMBERG,1,D2C,MTF,DBFTFB,b0d542a1-ee89-4a23-8d9f-d5a1ff7d3acd
2022-06-13 11:53:41.398000,FR0014003513,Corporate bond,DIRECTION GENERALE DU TRESOR,0,2027-02-25,2000000,EUR,91.899,PERC,,BTFE,BTFE,BLOOMBERG,1,D2C,MTF,DBFTFB,012833a7-f8e9-4d89-83e5-4ec541d1afef
2022-06-09 15:15:34.410000,FR0014003513,Corporate bond,DIRECTION GENERALE DU TRESOR,0,2027-02-25,600000,EUR,93.47,PERC,,BTFE,BTFE,BLOOMBERG,1,D2C,MTF,DBFTFB,3d085f8e-fb4c-4788-8341-9b866d02af1f
2022-06-09 15:03:51.550000,FR0014003513,Corporate bond,DIRECTION GENERALE DU TRESOR,0,2027-02-25,1000000,EUR,93.501,PERC,,BTFE,BTFE,BLOOMBERG,1,D2C,MTF,DBFTFB,b358ed47-9a60-40ca-af37-9f984be19313
2022-06-09 14:37:16.356000,FR0014003513,Corporate bond,DIRECTION GENERALE DU TRESOR,0,2027-02-25,100000,EUR,93.52,PERC,,BTFE,BTFE,BLOOMBERG,1,D2C,MTF,DBFTFB,4295d0f9-3389-4c26-b597-ca4e0b1cc43e
2022-06-09 13:09:16.574000,FR0014003513,Corporate bond,DIRECTION GENERALE DU TRESOR,0,2027-02-25,12500,EUR,93.433,PERC,,BTFE,BTFE,BLOOMBERG,1,D2C,MTF,DBFTFB,471acaf7-eb9d-4bc3-b455-c0743bac7ce1
2022-06-09 11:49:58.444000,FR0014003513,Corporate bond,DIRECTION GENERALE DU TRESOR,0,2027-02-25,150000,EUR,93.977,PERC,,BTFE,BTFE,BLOOMBERG,1,D2C,MTF,DBFTFB,38a7d58f-b710-4ddb-9806-2a949e1a3377
2022-06-09 09:17:33.664000,FR0014003513,Corporate bond,DIRECTION GENERALE DU TRESOR,0,2027-02-25,1000000,EUR,94.12,PERC,,BTFE,BTFE,BLOOMBERG,1,D2C,MTF,DBFTFB,381bf2db-499f-451f-8827-66f8fba2eb27
2022-06-08 14:05:57.777000,FR0014003513,Corporate bond,DIRECTION GENERALE DU TRESOR,0,2027-02-25,2000000,EUR,94.034,PERC,,BTFE,BTFE,BLOOMBERG,1,D2C,MTF,DBFTFB,2175791b-7b8a-487d-b15c-2dbb7c5a9af8
2022-06-08 13:11:23.475000,FR0014003513,Corporate bond,DIRECTION GENERALE DU TRESOR,0,2027-02-25,482000,EUR,94.069,PERC,,BTFE,BTFE,BLOOMBERG,1,D2C,MTF,DBFTFB,5d0b44a2-e796-4f9a-ab6c-7c675696a9ff
2022-06-08 12:31:04.759000,FR0014003513,Corporate bond,DIRECTION GENERALE DU TRESOR,0,2027-02-25,1400000,EUR,93.999,PERC,,BTFE,BTFE,BLOOMBERG,1,D2C,MTF,DBFTFB,bbf39250-b651-4648-b5fe-90a3e4297bae
2022-06-08 08:17:57.672000,FR0014003513,Corporate bond,DIRECTION GENERALE DU TRESOR,0,2027-02-25,500000,EUR,94.187,PERC,,BTFE,BTFE,BLOOMBERG,1,D2C,MTF,DBFTFB,ae16b825-ebc8-491f-abff-854788c02be2
2022-06-07 14:27:43.029000,FR0014003513,Corporate bond,DIRECTION GENERALE DU TRESOR,0,2027-02-25,5000,EUR,94.324,PERC,,BTFE,BTFE,BLOOMBERG,1,D2C,MTF,DBFTFB,e30135e8-4ede-479b-9030-7648a129c925
2022-06-07 08:17:03.481000,FR0014003513,Corporate bond,DIRECTION GENERALE DU TRESOR,0,2027-02-25,200000,EUR,94.217,PERC,,BTFE,BTFE,BLOOMBERG,1,D2C,MTF,DBFTFB,b4028ac9-0857-41ce-8191-7458ecedb0ee
2022-06-07 08:16:13.808000,FR0014003513,Corporate bond,DIRECTION GENERALE DU TRESOR,0,2027-02-25,700000,EUR,94.223,PERC,,BTFE,BTFE,BLOOMBERG,1,D2C,MTF,DBFTFB,5dc169ca-1404-4fa8-a0a6-1a7be586fce2
2022-06-07 06:46:51.652181,FR0014003513,Corporate bond,DIRECTION GENERALE DU TRESOR,0,2027-02-25,153560000,EUR,95.061663,PERC,IDAF LRGS,BTFE,BTFE,BLOOMBERG,8,D2C,MTF,DBFTFB,
2022-06-06 13:33:20.903000,FR0014003513,Corporate bond,DIRECTION GENERALE DU TRESOR,0,2027-02-25,1000000,EUR,94.362,PERC,,BTFE,BTFE,BLOOMBERG,1,D2C,MTF,DBFTFB,c981a655-689b-4b57-b404-adca7d74db1c
2022-06-03 13:19:40.100000,FR0014003513,Corporate bond,DIRECTION GENERALE DU TRESOR,0,2027-02-25,500000,EUR,94.402,PERC,,BTFE,BTFE,BLOOMBERG,1,D2C,MTF,DBFTFB,91510ed0-376d-4bc9-8278-fa9bcd891648
2022-06-03 08:49:09.633000,FR0014003513,Corporate bond,DIRECTION GENERALE DU TRESOR,0,2027-02-25,1000000,EUR,94.483,PERC,,BTFE,BTFE,BLOOMBERG,1,D2C,MTF,DBFTFB,e89b07b7-67f6-4a12-8d1d-cb6a94d5b704
2022-06-03 08:24:03.012000,FR0014003513,Corporate bond,DIRECTION GENERALE DU TRESOR,0,2027-02-25,750000,EUR,94.478,PERC,,BTFE,BTFE,BLOOMBERG,1,D2C,MTF,DBFTFB,fd98f578-110a-412f-80a7-06929ffc9769
2022-06-02 14:46:36.987000,FR0014003513,Corporate bond,DIRECTION GENERALE DU TRESOR,0,2027-02-25,400000,EUR,94.538,PERC,,BTFE,BTFE,BLOOMBERG,1,D2C,MTF,DBFTFB,a8baa8f9-f6dc-4027-8bf2-fec45c145ba1
2022-06-01 15:09:41.500000,FR0014003513,Corporate bond,DIRECTION GENERALE DU TRESOR,0,2027-02-25,69000,EUR,94.91,PERC,,BTFE,BTFE,BLOOMBERG,1,D2C,MTF,DBFTFB,3e97aa9f-c495-4b7c-aae5-b0890ef1885e
2022-06-01 12:37:38.522000,FR0014003513,Corporate bond,DIRECTION GENERALE DU TRESOR,0,2027-02-25,1000000,EUR,95.08,PERC,,BTFE,BTFE,BLOOMBERG,1,D2C,MTF,DBFTFB,6c1a84aa-e85f-499c-98dc-156a32852c9d
2022-06-01 10:34:34.110000,FR0014003513,Corporate bond,DIRECTION GENERALE DU TRESOR,0,2027-02-25,40000,EUR,95.099,PERC,,BTFE,BTFE,BLOOMBERG,1,D2C,MTF,DBFTFB,a2799fc6-92b5-4280-8db2-52e87d6d0700
2022-06-01 07:44:14.598000,FR0014003513,Corporate bond,DIRECTION GENERALE DU TRESOR,0,2027-02-25,1000000,EUR,95.027,PERC,,BTFE,BTFE,BLOOMBERG,1,D2C,MTF,DBFTFB,5aafbd20-00f5-45e2-8685-3e3c3b3685e6
2022-05-31 15:16:05.899000,FR0014003513,Corporate bond,DIRECTION GENERALE DU TRESOR,0,2027-02-25,760000,EUR,95.126,PERC,,BTFE,BTFE,BLOOMBERG,1,D2C,MTF,DBFTFB,14ce613f-0c34-463f-937e-ee2aeb0f6cf3
2022-05-31 15:09:07.799000,FR0014003513,Corporate bond,DIRECTION GENERALE DU TRESOR,0,2027-02-25,118000,EUR,95.034,PERC,,BTFE,BTFE,BLOOMBERG,1,D2C,MTF,DBFTFB,26a31d24-b4cf-427f-8b85-e7038a51c180
2022-05-31 13:50:53.133000,FR0014003513,Corporate bond,DIRECTION GENERALE DU TRESOR,0,2027-02-25,1500000,EUR,95.083,PERC,,BTFE,BTFE,BLOOMBERG,1,D2C,MTF,DBFTFB,cfd82b3a-9f6a-4ed9-90f3-065e24a755d0
2022-05-31 12:38:20.272000,FR0014003513,Corporate bond,DIRECTION GENERALE DU TRESOR,0,2027-02-25,500000,EUR,95.067,PERC,,BTFE,BTFE,BLOOMBERG,1,D2C,MTF,DBFTFB,ddedacc4-b055-41f5-b654-2ff4154412cc
2022-05-31 10:49:35.564000,FR0014003513,Corporate bond,DIRECTION GENERALE DU TRESOR,0,2027-02-25,77000,EUR,95.31,PERC,,BTFE,BTFE,BLOOMBERG,1,D2C,MTF,DBFTFB,ac52d5a8-7e88-4ab1-ad75-51ab18b6c145
2022-05-31 09:53:55.934000,FR0014003513,Corporate bond,DIRECTION GENERALE DU TRESOR,0,2027-02-25,1000000,EUR,95.336,PERC,,BTFE,BTFE,BLOOMBERG,1,D2C,MTF,DBFTFB,030dead6-4cd2-416f-abf1-043521500884
2022-05-31 06:45:14.248223,FR0014003513,Corporate bond,DIRECTION GENERALE DU TRESOR,0,2027-02-25,208350000,EUR,95.681601,PERC,IDAF LRGS TPAC,BTFE,BTFE,BLOOMBERG,9,D2C,MTF,DBFTFB,
2022-05-30 13:40:46.006000,FR0014003513,Corporate bond,DIRECTION GENERALE DU TRESOR,0,2027-02-25,500000,EUR,95.364,PERC,,BTFE,BTFE,BLOOMBERG,1,D2C,MTF,DBFTFB,fd903a5e-bf88-4ff4-a06b-577447b574d6
2022-05-30 08:12:03.919000,FR0014003513,Corporate bond,DIRECTION GENERALE DU TRESOR,0,2027-02-25,1000000,EUR,95.387,PERC,,BTFE,BTFE,BLOOMBERG,1,D2C,MTF,DBFTFB,1502e691-2e8e-4772-9977-1c1445243192
2022-05-26 07:51:33.171000,FR0014003513,Corporate bond,DIRECTION GENERALE DU TRESOR,0,2027-02-25,500000,EUR,96.086,PERC,,BTFE,BTFE,BLOOMBERG,1,D2C,MTF,DBFTFB,efad357d-3d11-4b19-ac8b-1f56d0d880da
2022-05-24 14:43:53.577000,FR0014003513,Corporate bond,DIRECTION GENERALE DU TRESOR,0,2027-02-25,500000,EUR,95.714,PERC,,BTFE,BTFE,BLOOMBERG,1,D2C,MTF,DBFTFB,366e1686-afc1-49ca-9a94-b16719cf8209
2022-05-24 06:48:16.426637,FR0014003513,Corporate bond,DIRECTION GENERALE DU TRESOR,0,2027-02-25,744800000,EUR,95.661583,PERC,IDAF LRGS,BTFE,BTFE,BLOOMBERG,26,D2C,MTF,DBFTFB,
2022-05-23 09:19:16.674000,FR0014003513,Corporate bond,DIRECTION GENERALE DU TRESOR,0,2027-02-25,300000,EUR,95.642,PERC,,BTFE,BTFE,BLOOMBERG,1,D2C,MTF,DBFTFB,8eae2a58-2b1a-43d9-9952-badba79e0e05
2022-05-23 08:47:03.965000,FR0014003513,Corporate bond,DIRECTION GENERALE DU TRESOR,0,2027-02-25,500000,EUR,95.721,PERC,,BTFE,BTFE,BLOOMBERG,1,D2C,MTF,DBFTFB,93ff6bbb-fe91-4d44-9f99-f5444ef77d2c
2022-05-23 07:13:00.547000,FR0014003513,Corporate bond,DIRECTION GENERALE DU TRESOR,0,2027-02-25,100000,EUR,95.772,PERC,,BTFE,BTFE,BLOOMBERG,1,D2C,MTF,DBFTFB,beb16c66-964a-4882-94c9-06964d84cecc
2022-05-20 13:49:03.460000,FR0014003513,Corporate bond,DIRECTION GENERALE DU TRESOR,0,2027-02-25,5000,EUR,95.832,PERC,,BTFE,BTFE,BLOOMBERG,1,D2C,MTF,DBFTFB,ce9859d8-82d8-4eab-8609-66e3da188c93
2022-05-20 11:53:28.101000,FR0014003513,Corporate bond,DIRECTION GENERALE DU TRESOR,0,2027-02-25,6000,EUR,95.709,PERC,,BTFE,BTFE,BLOOMBERG,1,D2C,MTF,DBFTFB,4edf954a-3667-4967-92e5-8a328f34934d
2022-05-20 11:35:47.412000,FR0014003513,Corporate bond,DIRECTION GENERALE DU TRESOR,0,2027-02-25,190000,EUR,95.686,PERC,,BTFE,BTFE,BLOOMBERG,1,D2C,MTF,DBFTFB,ce91bafd-450a-4719-bfb1-2469bd1c2880
2022-05-20 10:42:00.199000,FR0014003513,Corporate bond,DIRECTION GENERALE DU TRESOR,0,2027-02-25,190000,EUR,95.66,PERC,,BTFE,BTFE,BLOOMBERG,1,D2C,MTF,DBFTFB,c76bc11a-d55a-4d8d-8f28-626de893f74a
2022-05-20 08:42:22.261000,FR0014003513,Corporate bond,DIRECTION GENERALE DU TRESOR,0,2027-02-25,1000000,EUR,95.665,PERC,,BTFE,BTFE,BLOOMBERG,1,D2C,MTF,DBFTFB,5503d96d-832b-4a6f-99e7-e32790a1802a
2022-05-20 08:25:12.448000,FR0014003513,Corporate bond,DIRECTION GENERALE DU TRESOR,0,2027-02-25,186620,EUR,95.726,PERC,,BTFE,BTFE,BLOOMBERG,1,D2C,MTF,DBFTFB,9d075f59-0684-4177-bd43-ced2dc395bec
2022-05-20 08:22:13.111000,FR0014003513,Corporate bond,DIRECTION GENERALE DU TRESOR,0,2027-02-25,251958,EUR,95.739,PERC,,BTFE,BTFE,BLOOMBERG,1,D2C,MTF,DBFTFB,c8b2057a-a3b3-4526-90ff-a342defab6a1
2022-05-19 13:27:23.889000,FR0014003513,Corporate bond,DIRECTION GENERALE DU TRESOR,0,2027-02-25,275000,EUR,95.924,PERC,,BTFE,BTFE,BLOOMBERG,1,D2C,MTF,DBFTFB,331e3bda-bb7b-474a-ac1d-89b9eb0594f6
2022-05-19 08:30:03.482000,FR0014003513,Corporate bond,DIRECTION GENERALE DU TRESOR,0,2027-02-25,360000,EUR,95.685,PERC,,BTFE,BTFE,BLOOMBERG,1,D2C,MTF,DBFTFB,e8ca361c-3e87-43c5-941c-21f17515f2eb
2022-05-19 08:17:31.713000,FR0014003513,Corporate bond,DIRECTION GENERALE DU TRESOR,0,2027-02-25,225000,EUR,95.721,PERC,,BTFE,BTFE,BLOOMBERG,1,D2C,MTF,DBFTFB,6d8c6cbb-e029-400f-b812-9290e48878a5
2022-05-19 07:45:47.534000,FR0014003513,Corporate bond,DIRECTION GENERALE DU TRESOR,0,2027-02-25,200000,EUR,95.748,PERC,,BTFE,BTFE,BLOOMBERG,1,D2C,MTF,DBFTFB,501775fe-d3ac-4d8c-b6f4-04a547306290
2022-05-19 07:36:23.650000,FR0014003513,Corporate bond,DIRECTION GENERALE DU TRESOR,0,2027-02-25,150000,EUR,95.693,PERC,,BTFE,BTFE,BLOOMBERG,1,D2C,MTF,DBFTFB,0224409d-5fc5-456f-a633-24ef2046e86d
2022-05-18 14:41:11.866000,FR0014003513,Corporate bond,DIRECTION GENERALE DU TRESOR,0,2027-02-25,500000,EUR,95.543,PERC,,BTFE,BTFE,BLOOMBERG,1,D2C,MTF,DBFTFB,1e50fbe3-677c-433a-86ec-2e2427ac68e7
2022-05-18 13:30:37.041000,FR0014003513,Corporate bond,DIRECTION GENERALE DU TRESOR,0,2027-02-25,1000000,EUR,95.264,PERC,,BTFE,BTFE,BLOOMBERG,1,D2C,MTF,DBFTFB,7b56fda0-ce69-4aba-bb5f-c1bd08a3f5f5
2022-05-18 13:08:57.426000,FR0014003513,Corporate bond,DIRECTION GENERALE DU TRESOR,0,2027-02-25,46000,EUR,95.313,PERC,,BTFE,BTFE,BLOOMBERG,1,D2C,MTF,DBFTFB,5fe1582e-9f61-4412-b3c4-a8b047f7e06c
2022-05-18 12:02:57.633000,FR0014003513,Corporate bond,DIRECTION GENERALE DU TRESOR,0,2027-02-25,100000,EUR,95.282,PERC,,BTFE,BTFE,BLOOMBERG,1,D2C,MTF,DBFTFB,9f3045e6-5ad6-4fca-9941-6f40423779ce
2022-05-18 10:42:55.837000,FR0014003513,Corporate bond,DIRECTION GENERALE DU TRESOR,0,2027-02-25,1400000,EUR,95.331,PERC,,BTFE,BTFE,BLOOMBERG,1,D2C,MTF,DBFTFB,231f76b4-cf93-42e8-b7ad-a6d222259838
2022-05-18 08:43:43.955000,FR0014003513,Corporate bond,DIRECTION GENERALE DU TRESOR,0,2027-02-25,40000,EUR,95.493,PERC,,BTFE,BTFE,BLOOMBERG,1,D2C,MTF,DBFTFB,08968af9-fa0f-42cd-9abd-093bb530b4e5
2022-05-17 13:42:41.226000,FR0014003513,Corporate bond,DIRECTION GENERALE DU TRESOR,0,2027-02-25,1600000,EUR,95.543,PERC,,BTFE,BTFE,BLOOMBERG,1,D2C,MTF,DBFTFB,5c1dc879-c4be-455b-9900-afdf45f52dc4
2022-05-17 12:40:38.614000,FR0014003513,Corporate bond,DIRECTION GENERALE DU TRESOR,0,2027-02-25,1500000,EUR,95.588,PERC,,BTFE,BTFE,BLOOMBERG,1,D2C,MTF,DBFTFB,4397845b-cc52-45b9-950c-196d5b2aef53
2022-05-17 06:50:28.113229,FR0014003513,Corporate bond,DIRECTION GENERALE DU TRESOR,0,2027-02-25,109700000,EUR,96.189664,PERC,IDAF LRGS,BTFE,BTFE,BLOOMBERG,13,D2C,MTF,DBFTFB,
2022-05-16 11:09:57.011000,FR0014003513,Corporate bond,DIRECTION GENERALE DU TRESOR,0,2027-02-25,100000,EUR,95.896,PERC,,BTFE,BTFE,BLOOMBERG,1,D2C,MTF,DBFTFB,fedce1b5-41bc-473e-ace6-6af06ce6aa57
2022-05-13 13:35:36.962000,FR0014003513,Corporate bond,DIRECTION GENERALE DU TRESOR,0,2027-02-25,200000,EUR,96.184,PERC,,BTFE,BTFE,BLOOMBERG,1,D2C,MTF,DBFTFB,a4856ea4-12de-47de-9426-2012740dc8b8
2022-05-12 15:10:22.870000,FR0014003513,Corporate bond,DIRECTION GENERALE DU TRESOR,0,2027-02-25,100000,EUR,96.373,PERC,,BTFE,BTFE,BLOOMBERG,1,D2C,MTF,DBFTFB,f0e71c29-b1fe-452a-8924-1e6479feeb79
2022-05-12 14:56:07.540000,FR0014003513,Corporate bond,DIRECTION GENERALE DU TRESOR,0,2027-02-25,7000,EUR,96.425,PERC,,BTFE,BTFE,BLOOMBERG,1,D2C,MTF,DBFTFB,a81ec5c3-6814-4313-a9ea-b3eff886e599
2022-05-12 13:54:54.143000,FR0014003513,Corporate bond,DIRECTION GENERALE DU TRESOR,0,2027-02-25,100000,EUR,96.428,PERC,,BTFE,BTFE,BLOOMBERG,1,D2C,MTF,DBFTFB,b1e84c0a-0e66-43b3-a84c-ed6daea66fee
2022-05-12 12:10:39.460000,FR0014003513,Corporate bond,DIRECTION GENERALE DU TRESOR,0,2027-02-25,500000,EUR,96.525,PERC,,BTFE,BTFE,BLOOMBERG,1,D2C,MTF,DBFTFB,0232a232-df72-44b0-8358-61b963ae2ef0
2022-05-12 11:22:45.645000,FR0014003513,Corporate bond,DIRECTION GENERALE DU TRESOR,0,2027-02-25,500000,EUR,96.401,PERC,,BTFE,BTFE,BLOOMBERG,1,D2C,MTF,DBFTFB,42684150-fc48-4516-a431-b3214df8fe30
2022-05-11 14:31:41.813000,FR0014003513,Corporate bond,DIRECTION GENERALE DU TRESOR,0,2027-02-25,40000,EUR,95.601,PERC,,BTFE,BTFE,BLOOMBERG,1,D2C,MTF,DBFTFB,bf20d5ba-d0f1-47f6-bc18-2d62f23c969d
2022-05-11 13:28:28.292000,FR0014003513,Corporate bond,DIRECTION GENERALE DU TRESOR,0,2027-02-25,100000,EUR,95.545,PERC,,BTFE,BTFE,BLOOMBERG,1,D2C,MTF,DBFTFB,06b30f5d-bdfe-41f7-a946-09716969264c
2022-05-10 13:29:18.496000,FR0014003513,Corporate bond,DIRECTION GENERALE DU TRESOR,0,2027-02-25,500000,EUR,95.714,PERC,,BTFE,BTFE,BLOOMBERG,1,D2C,MTF,DBFTFB,670218b8-4834-44a4-8d28-cfb073222cf5
2022-05-10 06:48:55.397592,FR0014003513,Corporate bond,DIRECTION GENERALE DU TRESOR,0,2027-02-25,216654000,EUR,95.484419,PERC,IDAF SIZE,BTFE,BTFE,BLOOMBERG,16,D2C,MTF,DBFTFB,
2022-05-09 14:50:30.638000,FR0014003513,Corporate bond,DIRECTION GENERALE DU TRESOR,0,2027-02-25,500000,EUR,95.235,PERC,,BTFE,BTFE,BLOOMBERG,1,D2C,MTF,DBFTFB,391b74cf-841d-49c9-b529-5635a763e343
2022-05-09 10:52:09.580000,FR0014003513,Corporate bond,DIRECTION GENERALE DU TRESOR,0,2027-02-25,50000,EUR,94.919,PERC,,BTFE,BTFE,BLOOMBERG,1,D2C,MTF,DBFTFB,2e2c704c-dd25-4b6b-9d68-d9bbea02ed81
2022-05-06 09:06:36.730000,FR0014003513,Corporate bond,DIRECTION GENERALE DU TRESOR,0,2027-02-25,500000,EUR,95.118,PERC,,BTFE,BTFE,BLOOMBERG,1,D2C,MTF,DBFTFB,bfc6fcd7-b3dd-45ea-afcc-c797c0afc46b
2022-05-06 08:49:18.112000,FR0014003513,Corporate bond,DIRECTION GENERALE DU TRESOR,0,2027-02-25,500000,EUR,95.14,PERC,,BTFE,BTFE,BLOOMBERG,1,D2C,MTF,DBFTFB,643d531c-087e-42dc-b85e-f1cfe2c2cc23
2022-05-05 14:43:11.302000,FR0014003513,Corporate bond,DIRECTION GENERALE DU TRESOR,0,2027-02-25,180000,EUR,95.502,PERC,,BTFE,BTFE,BLOOMBERG,1,D2C,MTF,DBFTFB,9777c5ab-a8a0-4a8d-8834-63b359b1d9d2
2022-05-05 14:34:34.660000,FR0014003513,Corporate bond,DIRECTION GENERALE DU TRESOR,0,2027-02-25,400000,EUR,95.508,PERC,,BTFE,BTFE,BLOOMBERG,1,D2C,MTF,DBFTFB,5a4cb84b-a554-40ab-a112-038d401137a1
2022-05-05 11:06:01.105000,FR0014003513,Corporate bond,DIRECTION GENERALE DU TRESOR,0,2027-02-25,14000,EUR,95.631,PERC,,BTFE,BTFE,BLOOMBERG,1,D2C,MTF,DBFTFB,a9243120-0524-4387-a829-a836a0bc68e9
2022-05-05 07:31:08.491000,FR0014003513,Corporate bond,DIRECTION GENERALE DU TRESOR,0,2027-02-25,500000,EUR,95.596,PERC,,BTFE,BTFE,BLOOMBERG,1,D2C,MTF,DBFTFB,fb2722a4-2073-475c-8a77-c6177d9abc25
2022-05-04 07:28:03.005000,FR0014003513,Corporate bond,DIRECTION GENERALE DU TRESOR,0,2027-02-25,100000,EUR,95.445,PERC,,BTFE,BTFE,BLOOMBERG,1,D2C,MTF,DBFTFB,e11e1783-2ee5-4896-af5a-8ed63ac912fa
2022-05-03 06:47:44.085413,FR0014003513,Corporate bond,DIRECTION GENERALE DU TRESOR,0,2027-02-25,127633000,EUR,95.961493,PERC,IDAF LRGS,BTFE,BTFE,BLOOMBERG,12,D2C,MTF,DBFTFB,
2022-05-02 09:22:13.262000,FR0014003513,Corporate bond,DIRECTION GENERALE DU TRESOR,0,2027-02-25,400000,EUR,95.875,PERC,,BTFE,BTFE,BLOOMBERG,1,D2C,MTF,DBFTFB,5e9e72bb-e685-47ca-ba07-16854e94af5c
2022-04-29 15:17:18.157000,FR0014003513,Corporate bond,DIRECTION GENERALE DU TRESOR,0,2027-02-25,82000,EUR,95.767,PERC,,BTFE,BTFE,BLOOMBERG,1,D2C,MTF,DBFTFB,77144dff-c828-4218-92f3-ad8e56a0498b
2022-04-29 13:10:38.198000,FR0014003513,Corporate bond,DIRECTION GENERALE DU TRESOR,0,2027-02-25,100000,EUR,95.732,PERC,,BTFE,BTFE,BLOOMBERG,1,D2C,MTF,DBFTFB,902cc108-4ae8-41f1-aeea-b5be6f2cea14
2022-04-29 10:37:44.023000,FR0014003513,Corporate bond,DIRECTION GENERALE DU TRESOR,0,2027-02-25,620000,EUR,95.716,PERC,,BTFE,BTFE,BLOOMBERG,1,D2C,MTF,DBFTFB,237e7cf3-b351-406d-98be-6713604ad7ef
2022-04-28 15:00:21.261000,FR0014003513,Corporate bond,DIRECTION GENERALE DU TRESOR,0,2027-02-25,896000,EUR,95.93,PERC,,BTFE,BTFE,BLOOMBERG,1,D2C,MTF,DBFTFB,89ac4cb8-157b-448b-9057-a43147f4b502
2022-04-28 14:59:53.938000,FR0014003513,Corporate bond,DIRECTION GENERALE DU TRESOR,0,2027-02-25,1000000,EUR,95.947,PERC,,BTFE,BTFE,BLOOMBERG,1,D2C,MTF,DBFTFB,f3c38826-1cfa-4ecf-b283-aa4e436b2d6b
2022-04-28 14:59:41.646000,FR0014003513,Corporate bond,DIRECTION GENERALE DU TRESOR,0,2027-02-25,252000,EUR,95.946,PERC,,BTFE,BTFE,BLOOMBERG,1,D2C,MTF,DBFTFB,fce63d90-1171-4433-a5a1-9fe6aba5cac2
2022-04-28 14:34:42.813000,FR0014003513,Corporate bond,DIRECTION GENERALE DU TRESOR,0,2027-02-25,415000,EUR,96.008,PERC,,BTFE,BTFE,BLOOMBERG,1,D2C,MTF,DBFTFB,05ad447f-818e-4e7d-b924-6ee979804747
2022-04-28 10:28:38.874000,FR0014003513,Corporate bond,DIRECTION GENERALE DU TRESOR,0,2027-02-25,800000,EUR,96.347,PERC,,BTFE,BTFE,BLOOMBERG,1,D2C,MTF,DBFTFB,6a8a69ca-a614-430d-9186-fa610c8ddf88
2022-04-27 15:12:28.136000,FR0014003513,Corporate bond,DIRECTION GENERALE DU TRESOR,0,2027-02-25,194000,EUR,96.388,PERC,,BTFE,BTFE,BLOOMBERG,1,D2C,MTF,DBFTFB,f5a8f194-346c-45fb-b480-aaf23c3fc5d9
2022-04-27 13:20:39.324000,FR0014003513,Corporate bond,DIRECTION GENERALE DU TRESOR,0,2027-02-25,500000,EUR,96.413,PERC,,BTFE,BTFE,BLOOMBERG,1,D2C,MTF,DBFTFB,e6c1e01d-5cc2-4e14-b3d9-5723de6d17e4
2022-04-27 09:07:54.663000,FR0014003513,Corporate bond,DIRECTION GENERALE DU TRESOR,0,2027-02-25,200000,EUR,96.295,PERC,,BTFE,BTFE,BLOOMBERG,1,D2C,MTF,DBFTFB,adbaec4e-8c03-4a33-a695-c0bfc18d0bfd
2022-04-26 14:48:43.474000,FR0014003513,Corporate bond,DIRECTION GENERALE DU TRESOR,0,2027-02-25,400000,EUR,96.318,PERC,,BTFE,BTFE,BLOOMBERG,1,D2C,MTF,DBFTFB,88b23e39-d687-4e2e-8cdd-39c2d9a87a97
2022-04-26 13:57:54.690000,FR0014003513,Corporate bond,DIRECTION GENERALE DU TRESOR,0,2027-02-25,1000000,EUR,96.206,PERC,,BTFE,BTFE,BLOOMBERG,1,D2C,MTF,DBFTFB,731bdd09-f21e-49cd-a2b9-43e5a8bf0fdf
2022-04-26 13:46:26.119000,FR0014003513,Corporate bond,DIRECTION GENERALE DU TRESOR,0,2027-02-25,1000,EUR,96.264,PERC,,BTFE,BTFE,BLOOMBERG,1,D2C,MTF,DBFTFB,01f907bf-e70a-4f2a-983f-30a5dccb7d08
2022-04-26 06:43:59.868169,FR0014003513,Corporate bond,DIRECTION GENERALE DU TRESOR,0,2027-02-25,123450000,EUR,96.174094,PERC,IDAF SIZE,BTFE,BTFE,BLOOMBERG,10,D2C,MTF,DBFTFB,
2022-04-25 14:28:35.036000,FR0014003513,Corporate bond,DIRECTION GENERALE DU TRESOR,0,2027-02-25,100000,EUR,96.069,PERC,,BTFE,BTFE,BLOOMBERG,1,D2C,MTF,DBFTFB,98f7c753-c7cd-4ccd-9403-3a5a5332598b
2022-04-25 13:57:38.405000,FR0014003513,Corporate bond,DIRECTION GENERALE DU TRESOR,0,2027-02-25,1000000,EUR,96.115,PERC,,BTFE,BTFE,BLOOMBERG,1,D2C,MTF,DBFTFB,e4b246c5-040d-4689-9515-4071bd8e5374
2022-04-21 13:59:14.349000,FR0014003513,Corporate bond,DIRECTION GENERALE DU TRESOR,0,2027-02-25,1878000,EUR,95.955,PERC,,BTFE,BTFE,BLOOMBERG,1,D2C,MTF,DBFTFB,15803caf-038e-4c82-a65c-bf90819aa3e7
2022-04-21 10:17:17.776000,FR0014003513,Corporate bond,DIRECTION GENERALE DU TRESOR,0,2027-02-25,453074,EUR,95.954,PERC,,BTFE,BTFE,BLOOMBERG,1,D2C,MTF,DBFTFB,9ff82a0b-2ad6-4fe9-abc2-7afe2eea6f1c
2022-04-20 14:59:47.007000,FR0014003513,Corporate bond,DIRECTION GENERALE DU TRESOR,0,2027-02-25,130000,EUR,96.167,PERC,,BTFE,BTFE,BLOOMBERG,1,D2C,MTF,DBFTFB,3de515cb-3285-4518-9391-e5acbf0583f2
2022-04-20 14:35:38.972000,FR0014003513,Corporate bond,DIRECTION GENERALE DU TRESOR,0,2027-02-25,100000,EUR,96.165,PERC,,BTFE,BTFE,BLOOMBERG,1,D2C,MTF,DBFTFB,6d7c1c26-f21a-4a5e-ba0d-c5a2b598224b
2022-04-20 13:32:33.635000,FR0014003513,Corporate bond,DIRECTION GENERALE DU TRESOR,0,2027-02-25,142000,EUR,96.097,PERC,,BTFE,BTFE,BLOOMBERG,1,D2C,MTF,DBFTFB,43c6c1ae-7b71-4e82-bdb9-b069b44b5d6b
2022-04-19 06:44:12.337267,FR0014003513,Corporate bond,DIRECTION GENERALE DU TRESOR,0,2027-02-25,66030000,EUR,96.095593,PERC,IDAF LRGS,BTFE,BTFE,BLOOMBERG,10,D2C,MTF,DBFTFB,
2022-04-14 13:04:30.145000,FR0014003513,Corporate bond,DIRECTION GENERALE DU TRESOR,0,2027-02-25,500000,EUR,96.387,PERC,,BTFE,BTFE,BLOOMBERG,1,D2C,MTF,DBFTFB,b61dc4b3-91f6-4813-860b-a8788b8c24d1
2022-04-14 11:58:07.100000,FR0014003513,Corporate bond,DIRECTION GENERALE DU TRESOR,0,2027-02-25,500000,EUR,96.389,PERC,,BTFE,BTFE,BLOOMBERG,1,D2C,MTF,DBFTFB,08428756-0dde-4d03-80dc-0f79119b626a
2022-04-12 14:53:56.419000,FR0014003513,Corporate bond,DIRECTION GENERALE DU TRESOR,0,2027-02-25,1500000,EUR,96.182,PERC,,BTFE,BTFE,BLOOMBERG,1,D2C,MTF,DBFTFB,d44e5a2c-993d-4931-94a6-2bb520df81b2
2022-04-12 12:48:06.452000,FR0014003513,Corporate bond,DIRECTION GENERALE DU TRESOR,0,2027-02-25,300000,EUR,96.204,PERC,,BTFE,BTFE,BLOOMBERG,1,D2C,MTF,DBFTFB,e2d6f4d4-25d2-4505-b986-c47f36e30b0a
2022-04-12 10:22:18.935000,FR0014003513,Corporate bond,DIRECTION GENERALE DU TRESOR,0,2027-02-25,1000000,EUR,95.898,PERC,,BTFE,BTFE,BLOOMBERG,1,D2C,MTF,DBFTFB,93d6eb0d-cec8-41e6-bfd1-cc5b8af04444
2022-04-12 09:24:37.477000,FR0014003513,Corporate bond,DIRECTION GENERALE DU TRESOR,0,2027-02-25,400000,EUR,95.795,PERC,,BTFE,BTFE,BLOOMBERG,1,D2C,MTF,DBFTFB,617e37bd-383b-4b26-9e45-710272048eef
2022-04-12 06:49:08.481458,FR0014003513,Corporate bond,DIRECTION GENERALE DU TRESOR,0,2027-02-25,423650000,EUR,96.660067,PERC,IDAF LRGS,BTFE,BTFE,BLOOMBERG,35,D2C,MTF,DBFTFB,
2022-04-11 13:46:24.875000,FR0014003513,Corporate bond,DIRECTION GENERALE DU TRESOR,0,2027-02-25,200000,EUR,95.992,PERC,,BTFE,BTFE,BLOOMBERG,1,D2C,MTF,DBFTFB,239ca65f-7de4-44b2-ac5a-f26bed8eb2d4
2022-04-11 10:28:39.772000,FR0014003513,Corporate bond,DIRECTION GENERALE DU TRESOR,0,2027-02-25,200000,EUR,96.07,PERC,,BTFE,BTFE,BLOOMBERG,1,D2C,MTF,DBFTFB,74401955-213f-477a-a447-bcbd9be2778f
2022-04-08 14:42:19.618000,FR0014003513,Corporate bond,DIRECTION GENERALE DU TRESOR,0,2027-02-25,193000,EUR,96.213,PERC,,BTFE,BTFE,BLOOMBERG,1,D2C,MTF,DBFTFB,bac134a1-016d-4531-9913-73560f14a4ac
2022-04-08 12:22:34.249000,FR0014003513,Corporate bond,DIRECTION GENERALE DU TRESOR,0,2027-02-25,985000,EUR,96.24,PERC,,BTFE,BTFE,BLOOMBERG,1,D2C,MTF,DBFTFB,2bc98124-89fe-4e9d-99d2-fb78734f44c5
2022-04-08 11:41:00.669000,FR0014003513,Corporate bond,DIRECTION GENERALE DU TRESOR,0,2027-02-25,800000,EUR,96.262,PERC,,BTFE,BTFE,BLOOMBERG,1,D2C,MTF,DBFTFB,b1fc84ea-b834-4528-8141-fb04e1f65d0c
2022-04-08 11:05:26.870000,FR0014003513,Corporate bond,DIRECTION GENERALE DU TRESOR,0,2027-02-25,1000000,EUR,96.303,PERC,,BTFE,BTFE,BLOOMBERG,1,D2C,MTF,DBFTFB,06d42002-69d4-43dc-ae60-e9a3d92d3d18
2022-04-08 10:47:36.547000,FR0014003513,Corporate bond,DIRECTION GENERALE DU TRESOR,0,2027-02-25,1000,EUR,96.293,PERC,,BTFE,BTFE,BLOOMBERG,1,D2C,MTF,DBFTFB,9a024ca5-8778-40e2-a1b6-f90e0cdc8322
2022-04-07 13:27:01.900000,FR0014003513,Corporate bond,DIRECTION GENERALE DU TRESOR,0,2027-02-25,1200000,EUR,96.321,PERC,,BTFE,BTFE,BLOOMBERG,1,D2C,MTF,DBFTFB,db141754-92f8-40e9-a988-719dddbd7a90
2022-04-07 08:31:13.004000,FR0014003513,Corporate bond,DIRECTION GENERALE DU TRESOR,0,2027-02-25,1500000,EUR,96.74,PERC,,BTFE,BTFE,BLOOMBERG,1,D2C,MTF,DBFTFB,8a869e40-4ced-4ee1-9d6f-a5bf6abf77ba
2022-04-07 08:31:10.257000,FR0014003513,Corporate bond,DIRECTION GENERALE DU TRESOR,0,2027-02-25,1500000,EUR,96.761,PERC,,BTFE,BTFE,BLOOMBERG,1,D2C,MTF,DBFTFB,9a1dd50f-77de-4622-a21a-4ff97e51286d
2022-04-07 08:29:26.321000,FR0014003513,Corporate bond,DIRECTION GENERALE DU TRESOR,0,2027-02-25,1200000,EUR,96.732,PERC,,BTFE,BTFE,BLOOMBERG,1,D2C,MTF,DBFTFB,6122ccc5-6b2e-406b-b4a1-2e9a419720f7
2022-04-06 14:15:23.353000,FR0014003513,Corporate bond,DIRECTION GENERALE DU TRESOR,0,2027-02-25,1955000,EUR,96.48,PERC,,BTFE,BTFE,BLOOMBERG,1,D2C,MTF,DBFTFB,39ce9f0a-3fb3-471f-af87-5a7b14be4c4f
2022-04-06 14:15:20.698000,FR0014003513,Corporate bond,DIRECTION GENERALE DU TRESOR,0,2027-02-25,1955000,EUR,96.492,PERC,,BTFE,BTFE,BLOOMBERG,1,D2C,MTF,DBFTFB,5b0775a7-a291-44f7-b27a-5811a6170645
2022-04-06 14:13:15.884000,FR0014003513,Corporate bond,DIRECTION GENERALE DU TRESOR,0,2027-02-25,100000,EUR,96.437,PERC,,BTFE,BTFE,BLOOMBERG,1,D2C,MTF,DBFTFB,298b2b8a-9c56-4027-b2e7-aed6470fcd28
2022-04-06 14:11:15.652000,FR0014003513,Corporate bond,DIRECTION GENERALE DU TRESOR,0,2027-02-25,300000,EUR,96.465,PERC,,BTFE,BTFE,BLOOMBERG,1,D2C,MTF,DBFTFB,b6489345-7c72-4687-a4ec-dd014831a4ba
2022-04-05 14:06:05.880000,FR0014003513,Corporate bond,DIRECTION GENERALE DU TRESOR,0,2027-02-25,100000,EUR,96.7,PERC,,BTFE,BTFE,BLOOMBERG,1,D2C,MTF,DBFTFB,81eda7f2-e6c1-42e9-922a-89e5637cb7a8
2022-04-05 13:31:10.334000,FR0014003513,Corporate bond,DIRECTION GENERALE DU TRESOR,0,2027-02-25,199000,EUR,96.8,PERC,,BTFE,BTFE,BLOOMBERG,1,D2C,MTF,DBFTFB,0e95a179-e518-4d1d-a97c-1577bd1101f5
2022-04-05 13:30:16.903000,FR0014003513,Corporate bond,DIRECTION GENERALE DU TRESOR,0,2027-02-25,199000,EUR,96.779,PERC,,BTFE,BTFE,BLOOMBERG,1,D2C,MTF,DBFTFB,fb160a10-e88f-4be3-8896-322be8842b95
2022-04-05 06:47:03.476030,FR0014003513,Corporate bond,DIRECTION GENERALE DU TRESOR,0,2027-02-25,371725430,EUR,96.929098,PERC,IDAF LRGS,BTFE,BTFE,BLOOMBERG,24,D2C,MTF,DBFTFB,
2022-04-04 15:04:30.543000,FR0014003513,Corporate bond,DIRECTION GENERALE DU TRESOR,0,2027-02-25,1000000,EUR,97.155,PERC,,BTFE,BTFE,BLOOMBERG,1,D2C,MTF,DBFTFB,cccaaddd-cb13-42b2-87bc-149888c1f8d6
2022-04-04 13:48:38.094000,FR0014003513,Corporate bond,DIRECTION GENERALE DU TRESOR,0,2027-02-25,70000,EUR,97.24,PERC,,BTFE,BTFE,BLOOMBERG,1,D2C,MTF,DBFTFB,0bb491e7-c6c9-4b31-bab4-7a923c70aba2
2022-04-01 08:51:38.358000,FR0014003513,Corporate bond,DIRECTION GENERALE DU TRESOR,0,2027-02-25,193000,EUR,96.962,PERC,,BTFE,BTFE,BLOOMBERG,1,D2C,MTF,DBFTFB,a9a4cab6-e7c2-483a-b775-6d010cd47b00
2022-04-01 08:25:08.200000,FR0014003513,Corporate bond,DIRECTION GENERALE DU TRESOR,0,2027-02-25,35000,EUR,96.899,PERC,,BTFE,BTFE,BLOOMBERG,1,D2C,MTF,DBFTFB,429f221f-2e2f-40da-be24-62cb16bc5281
2022-04-01 07:10:33.438000,FR0014003513,Corporate bond,DIRECTION GENERALE DU TRESOR,0,2027-02-25,900000,EUR,96.999,PERC,,BTFE,BTFE,BLOOMBERG,1,D2C,MTF,DBFTFB,c1ec5b68-217d-4254-b3d0-36bb78df3a68
2022-03-31 09:00:01.346000,FR0014003513,Corporate bond,DIRECTION GENERALE DU TRESOR,0,2027-02-25,55000,EUR,96.962,PERC,,BTFE,BTFE,BLOOMBERG,1,D2C,MTF,DBFTFB,a5f80ac1-399c-4bca-bf91-bfe769d0307f
2022-03-30 13:55:38.952000,FR0014003513,Corporate bond,DIRECTION GENERALE DU TRESOR,0,2027-02-25,600000,EUR,96.483,PERC,,BTFE,BTFE,BLOOMBERG,1,D2C,MTF,DBFTFB,b225cc76-ad8d-4d4f-92fa-302d42a1e3d0
2022-03-30 12:43:41.485000,FR0014003513,Corporate bond,DIRECTION GENERALE DU TRESOR,0,2027-02-25,150000,EUR,96.6,PERC,,BTFE,BTFE,BLOOMBERG,1,D2C,MTF,DBFTFB,db9c070b-778a-4770-ab98-c79f70c11fd6
2022-03-30 09:40:58.712000,FR0014003513,Corporate bond,DIRECTION GENERALE DU TRESOR,0,2027-02-25,20000,EUR,96.724,PERC,,BTFE,BTFE,BLOOMBERG,1,D2C,MTF,DBFTFB,60ce3660-dae9-4fee-aa8d-499daebed1fc
2022-03-29 13:52:16.261000,FR0014003513,Corporate bond,DIRECTION GENERALE DU TRESOR,0,2027-02-25,100000,EUR,96.984,PERC,,BTFE,BTFE,BLOOMBERG,1,D2C,MTF,DBFTFB,c6b41d76-b53a-4a9c-bd7b-0cac5584e5ba
2022-03-29 12:14:38.230000,FR0014003513,Corporate bond,DIRECTION GENERALE DU TRESOR,0,2027-02-25,80000,EUR,96.612,PERC,,BTFE,BTFE,BLOOMBERG,1,D2C,MTF,DBFTFB,19c31a3c-c22b-48ef-a525-4dd092447749
2022-03-29 11:06:36.786000,FR0014003513,Corporate bond,DIRECTION GENERALE DU TRESOR,0,2027-02-25,1000,EUR,96.811,PERC,,BTFE,BTFE,BLOOMBERG,1,D2C,MTF,DBFTFB,b962022e-7a49-4518-b899-deea7218b790
2022-03-29 11:06:34.758000,FR0014003513,Corporate bond,DIRECTION GENERALE DU TRESOR,0,2027-02-25,1000,EUR,96.795,PERC,,BTFE,BTFE,BLOOMBERG,1,D2C,MTF,DBFTFB,9156f7e9-c126-44ca-8aed-dac089768f71
2022-03-29 10:32:43.921000,FR0014003513,Corporate bond,DIRECTION GENERALE DU TRESOR,0,2027-02-25,1000000,EUR,96.774,PERC,,BTFE,BTFE,BLOOMBERG,1,D2C,MTF,DBFTFB,54272945-7d20-435e-942e-cb601042abee
2022-03-29 10:26:56.489000,FR0014003513,Corporate bond,DIRECTION GENERALE DU TRESOR,0,2027-02-25,500000,EUR,96.8155,PERC,,BTFE,BTFE,BLOOMBERG,1,D2C,MTF,DBFTFB,cef2a7dc-4b9e-4e5c-a2bc-23a6ae994703
2022-03-29 10:20:42.272000,FR0014003513,Corporate bond,DIRECTION GENERALE DU TRESOR,0,2027-02-25,500000,EUR,96.855,PERC,,BTFE,BTFE,BLOOMBERG,1,D2C,MTF,DBFTFB,c677d446-d263-4e92-91a1-2adb6d028a66
2022-03-29 08:50:58.019000,FR0014003513,Corporate bond,DIRECTION GENERALE DU TRESOR,0,2027-02-25,500000,EUR,97.063,PERC,,BTFE,BTFE,BLOOMBERG,1,D2C,MTF,DBFTFB,c35731c7-1650-45ef-9d4b-180f23314b0c
2022-03-29 06:46:55.290300,FR0014003513,Corporate bond,DIRECTION GENERALE DU TRESOR,0,2027-02-25,312850000,EUR,97.921561,PERC,IDAF LRGS,BTFE,BTFE,BLOOMBERG,22,D2C,MTF,DBFTFB,
2022-03-28 13:44:24.822000,FR0014003513,Corporate bond,DIRECTION GENERALE DU TRESOR,0,2027-02-25,100000,EUR,97.33,PERC,,BTFE,BTFE,BLOOMBERG,1,D2C,MTF,DBFTFB,be46d4db-a659-4108-9e05-676f1557ba29
2022-03-28 07:08:16.980000,FR0014003513,Corporate bond,DIRECTION GENERALE DU TRESOR,0,2027-02-25,25000,EUR,97.175,PERC,,BTFE,BTFE,BLOOMBERG,1,D2C,MTF,DBFTFB,d84a2aae-80c9-4b29-8cca-4b0049404744
2022-03-25 16:30:20.405000,FR0014003513,Corporate bond,DIRECTION GENERALE DU TRESOR,0,2027-02-25,1900000,EUR,97.469,PERC,,BTFE,BTFE,BLOOMBERG,1,D2C,MTF,DBFTFB,74e245ba-33e2-4666-b983-46dfe9617cca
2022-03-25 10:01:19.080000,FR0014003513,Corporate bond,DIRECTION GENERALE DU TRESOR,0,2027-02-25,20000,EUR,97.798,PERC,,BTFE,BTFE,BLOOMBERG,1,D2C,MTF,DBFTFB,1892836c-3567-40c0-a8e6-aedfbae361a2
2022-03-25 09:20:21.919000,FR0014003513,Corporate bond,DIRECTION GENERALE DU TRESOR,0,2027-02-25,1000000,EUR,97.845,PERC,,BTFE,BTFE,BLOOMBERG,1,D2C,MTF,DBFTFB,06851d3d-f603-4550-8be1-84c6f0afbf2c
2022-03-24 15:56:17.124000,FR0014003513,Corporate bond,DIRECTION GENERALE DU TRESOR,0,2027-02-25,500000,EUR,97.731,PERC,,BTFE,BTFE,BLOOMBERG,1,D2C,MTF,DBFTFB,c7f7aa28-90ca-45c5-bf70-034fc8fbe888
2022-03-24 15:42:50.928000,FR0014003513,Corporate bond,DIRECTION GENERALE DU TRESOR,0,2027-02-25,300000,EUR,97.739,PERC,,BTFE,BTFE,BLOOMBERG,1,D2C,MTF,DBFTFB,8a4c59cf-79e6-4759-8471-f1b228e363da
2022-03-24 14:45:57.398000,FR0014003513,Corporate bond,DIRECTION GENERALE DU TRESOR,0,2027-02-25,800000,EUR,97.788,PERC,,BTFE,BTFE,BLOOMBERG,1,D2C,MTF,DBFTFB,9671c568-1400-4605-9122-f64371bcd321
2022-03-24 09:17:30.872000,FR0014003513,Corporate bond,DIRECTION GENERALE DU TRESOR,0,2027-02-25,12000,EUR,97.869,PERC,,BTFE,BTFE,BLOOMBERG,1,D2C,MTF,DBFTFB,1fabfd83-72c5-4bc3-ba3a-9fbd27591fcd
2022-03-23 11:18:04.088000,FR0014003513,Corporate bond,DIRECTION GENERALE DU TRESOR,0,2027-02-25,1000000,EUR,97.957,PERC,,BTFE,BTFE,BLOOMBERG,1,D2C,MTF,DBFTFB,2dc9851c-d48b-40b9-b50a-e2ab673d3952
2022-03-23 10:28:17.592000,FR0014003513,Corporate bond,DIRECTION GENERALE DU TRESOR,0,2027-02-25,22000,EUR,97.994,PERC,,BTFE,BTFE,BLOOMBERG,1,D2C,MTF,DBFTFB,cba7419a-da53-43aa-b856-0c821a52ea51
2022-03-22 15:49:47.987000,FR0014003513,Corporate bond,DIRECTION GENERALE DU TRESOR,0,2027-02-25,25000,EUR,97.87,PERC,,BTFE,BTFE,BLOOMBERG,1,D2C,MTF,DBFTFB,555ba56e-1a81-414d-a328-48812d9d1b2e
2022-03-22 13:51:25.600000,FR0014003513,Corporate bond,DIRECTION GENERALE DU TRESOR,0,2027-02-25,100000,EUR,97.796,PERC,,BTFE,BTFE,BLOOMBERG,1,D2C,MTF,DBFTFB,d3c98c2e-3d91-42c1-8cc3-2d63fb0836a8
2022-03-22 13:48:29.367000,FR0014003513,Corporate bond,DIRECTION GENERALE DU TRESOR,0,2027-02-25,300000,EUR,97.812,PERC,,BTFE,BTFE,BLOOMBERG,1,D2C,MTF,DBFTFB,e839a2a5-7400-4ffb-99af-cbfcbabbb4ab
2022-03-22 12:06:19.360000,FR0014003513,Corporate bond,DIRECTION GENERALE DU TRESOR,0,2027-02-25,1300000,EUR,97.938,PERC,,BTFE,BTFE,BLOOMBERG,1,D2C,MTF,DBFTFB,cb42e575-74f4-4687-a087-6fe2fdee8e95
2022-03-22 11:48:04.848000,FR0014003513,Corporate bond,DIRECTION GENERALE DU TRESOR,0,2027-02-25,89000,EUR,97.952,PERC,,BTFE,BTFE,BLOOMBERG,1,D2C,MTF,DBFTFB,1432402e-0f8e-4370-b592-b2403bddccd7
2022-03-22 11:06:06.794000,FR0014003513,Corporate bond,DIRECTION GENERALE DU TRESOR,0,2027-02-25,200000,EUR,97.947,PERC,,BTFE,BTFE,BLOOMBERG,1,D2C,MTF,DBFTFB,f9015285-487f-4ff1-aef8-9ec0805bf09e
2022-03-22 07:48:53.181680,FR0014003513,Corporate bond,DIRECTION GENERALE DU TRESOR,0,2027-02-25,226430000,EUR,98.584689,PERC,IDAF LRGS,BTFE,BTFE,BLOOMBERG,15,D2C,MTF,DBFTFB,
2022-03-21 15:16:43.214000,FR0014003513,Corporate bond,DIRECTION GENERALE DU TRESOR,0,2027-02-25,20000,EUR,98.334,PERC,,BTFE,BTFE,BLOOMBERG,1,D2C,MTF,DBFTFB,e63e66ea-d5ee-4a7c-8867-d93810c680d5
2022-03-21 14:36:12.277000,FR0014003513,Corporate bond,DIRECTION GENERALE DU TRESOR,0,2027-02-25,200000,EUR,98.282,PERC,,BTFE,BTFE,BLOOMBERG,1,D2C,MTF,DBFTFB,7e9120ee-aec5-4be0-bc66-5e9de1291b26
2022-03-21 08:38:40.337000,FR0014003513,Corporate bond,DIRECTION GENERALE DU TRESOR,0,2027-02-25,500000,EUR,98.505,PERC,,BTFE,BTFE,BLOOMBERG,1,D2C,MTF,DBFTFB,86e5ecca-6747-42af-9ca8-e85fdaefbb40
2022-03-21 08:17:15.206000,FR0014003513,Corporate bond,DIRECTION GENERALE DU TRESOR,0,2027-02-25,500000,EUR,98.481,PERC,,BTFE,BTFE,BLOOMBERG,1,D2C,MTF,DBFTFB,9919347a-071d-4145-a714-97b155881f3c
2022-03-18 14:22:06.190000,FR0014003513,Corporate bond,DIRECTION GENERALE DU TRESOR,0,2027-02-25,500000,EUR,98.642,PERC,,BTFE,BTFE,BLOOMBERG,1,D2C,MTF,DBFTFB,84f28021-1661-45ef-8b59-1f73bbe1a6ba
2022-03-18 10:50:00.129000,FR0014003513,Corporate bond,DIRECTION GENERALE DU TRESOR,0,2027-02-25,500000,EUR,98.679,PERC,,BTFE,BTFE,BLOOMBERG,1,D2C,MTF,DBFTFB,fdc483a6-df20-43b1-8b5f-3ecf9e5d4549
2022-03-18 10:32:26.170000,FR0014003513,Corporate bond,DIRECTION GENERALE DU TRESOR,0,2027-02-25,750000,EUR,98.648,PERC,,BTFE,BTFE,BLOOMBERG,1,D2C,MTF,DBFTFB,3e77d3bf-9639-435e-ac24-5109d6afb17a
2022-03-18 09:12:41.525000,FR0014003513,Corporate bond,DIRECTION GENERALE DU TRESOR,0,2027-02-25,9000,EUR,98.582,PERC,,BTFE,BTFE,BLOOMBERG,1,D2C,MTF,DBFTFB,a26d938d-1798-4ba6-9e50-e517121184e3
2022-03-17 15:46:09.791000,FR0014003513,Corporate bond,DIRECTION GENERALE DU TRESOR,0,2027-02-25,10000,EUR,98.51,PERC,,BTFE,BTFE,BLOOMBERG,1,D2C,MTF,DBFTFB,bc4b94d8-a9e9-4886-9633-1fa402870075
2022-03-17 15:35:12.235000,FR0014003513,Corporate bond,DIRECTION GENERALE DU TRESOR,0,2027-02-25,50000,EUR,98.5,PERC,,BTFE,BTFE,BLOOMBERG,1,D2C,MTF,DBFTFB,71bc78d2-70d4-45f9-a794-7488acd68ee1
2022-03-17 13:06:58.973000,FR0014003513,Corporate bond,DIRECTION GENERALE DU TRESOR,0,2027-02-25,530000,EUR,98.36,PERC,,BTFE,BTFE,BLOOMBERG,1,D2C,MTF,DBFTFB,f047a9bb-cab2-4e1e-aa03-b023729cb21a
2022-03-17 10:25:20.914000,FR0014003513,Corporate bond,DIRECTION GENERALE DU TRESOR,0,2027-02-25,200000,EUR,98.451,PERC,,BTFE,BTFE,BLOOMBERG,1,D2C,MTF,DBFTFB,b720adc9-12e4-4521-bcc7-bdac5a22c46c
2022-03-16 14:32:14.901000,FR0014003513,Corporate bond,DIRECTION GENERALE DU TRESOR,0,2027-02-25,500000,EUR,98.587,PERC,,BTFE,BTFE,BLOOMBERG,1,D2C,MTF,DBFTFB,37bfbbe3-94f0-45f0-a97e-89b7f5615b61
2022-03-16 12:45:02.727000,FR0014003513,Corporate bond,DIRECTION GENERALE DU TRESOR,0,2027-02-25,1500000,EUR,98.642,PERC,,BTFE,BTFE,BLOOMBERG,1,D2C,MTF,DBFTFB,c62c1c38-2051-458a-8b58-a2b9e5492a7e
2022-03-16 12:44:59.795000,FR0014003513,Corporate bond,DIRECTION GENERALE DU TRESOR,0,2027-02-25,1500000,EUR,98.655,PERC,,BTFE,BTFE,BLOOMBERG,1,D2C,MTF,DBFTFB,5d554494-f727-47dc-9253-cfa5b0d9ff8d
2022-03-16 09:15:06.745000,FR0014003513,Corporate bond,DIRECTION GENERALE DU TRESOR,0,2027-02-25,10000,EUR,98.607,PERC,,BTFE,BTFE,BLOOMBERG,1,D2C,MTF,DBFTFB,fcd39236-bbc6-4aae-b6bf-5b196ede95a0
2022-03-15 15:52:13.492000,FR0014003513,Corporate bond,DIRECTION GENERALE DU TRESOR,0,2027-02-25,600000,EUR,98.731,PERC,,BTFE,BTFE,BLOOMBERG,1,D2C,MTF,DBFTFB,a77fb0a4-5292-4dfe-b30a-4f2619eca536
2022-03-15 12:58:38.473000,FR0014003513,Corporate bond,DIRECTION GENERALE DU TRESOR,0,2027-02-25,10000,EUR,98.734,PERC,,BTFE,BTFE,BLOOMBERG,1,D2C,MTF,DBFTFB,eaf041ec-51f0-4eed-ba71-a89921d18ec2
2022-03-15 10:54:38.465000,FR0014003513,Corporate bond,DIRECTION GENERALE DU TRESOR,0,2027-02-25,8000,EUR,98.58,PERC,,BTFE,BTFE,BLOOMBERG,1,D2C,MTF,DBFTFB,27cad576-0d21-46e5-aa25-a1dbd7e37f1c
2022-03-15 09:43:42.879000,FR0014003513,Corporate bond,DIRECTION GENERALE DU TRESOR,0,2027-02-25,500000,EUR,98.62,PERC,,BTFE,BTFE,BLOOMBERG,1,D2C,MTF,DBFTFB,436a9411-b0bf-4228-bb20-e16e19c9b975
2022-03-15 08:29:25.777000,FR0014003513,Corporate bond,DIRECTION GENERALE DU TRESOR,0,2027-02-25,500000,EUR,98.743,PERC,,BTFE,BTFE,BLOOMBERG,1,D2C,MTF,DBFTFB,6d46df67-c592-43e3-94ae-c1c7967a6970
2022-03-14 16:37:55.990000,FR0014003513,Corporate bond,DIRECTION GENERALE DU TRESOR,0,2027-02-25,1624000,EUR,98.539,PERC,,BTFE,BTFE,BLOOMBERG,1,D2C,MTF,DBFTFB,cc8bc6d8-4e9e-4dae-b28d-0796c61bc7ac
2022-03-14 16:08:41.965000,FR0014003513,Corporate bond,DIRECTION GENERALE DU TRESOR,0,2027-02-25,30000,EUR,98.534,PERC,,BTFE,BTFE,BLOOMBERG,1,D2C,MTF,DBFTFB,e536032e-f73a-4f41-ad16-ec0fa86556e8
2022-03-14 10:28:39.851000,FR0014003513,Corporate bond,DIRECTION GENERALE DU TRESOR,0,2027-02-25,284164,EUR,98.498,PERC,,BTFE,BTFE,BLOOMBERG,1,D2C,MTF,DBFTFB,738cc641-b196-4fd3-bcd3-6ce109b7c83d
2022-03-11 16:12:42.351000,FR0014003513,Corporate bond,DIRECTION GENERALE DU TRESOR,0,2027-02-25,360000,EUR,98.866,PERC,,BTFE,BTFE,BLOOMBERG,1,D2C,MTF,DBFTFB,e12fffea-dc42-4a7b-beba-0e7e87efd7b5
2022-03-11 16:12:36.152000,FR0014003513,Corporate bond,DIRECTION GENERALE DU TRESOR,0,2027-02-25,2000,EUR,98.86,PERC,,BTFE,BTFE,BLOOMBERG,1,D2C,MTF,DBFTFB,9ab18386-c1a0-48f3-acd6-72335c586e2e
2022-03-10 15:13:52.219000,FR0014003513,Corporate bond,DIRECTION GENERALE DU TRESOR,0,2027-02-25,100000,EUR,98.915,PERC,,BTFE,BTFE,BLOOMBERG,1,D2C,MTF,DBFTFB,0fd2dd1b-3990-4454-91f0-d28b6e1c8c13
2022-03-10 15:10:51.562000,FR0014003513,Corporate bond,DIRECTION GENERALE DU TRESOR,0,2027-02-25,4000,EUR,98.929,PERC,,BTFE,BTFE,BLOOMBERG,1,D2C,MTF,DBFTFB,874bdd53-2e0d-42dd-a1c2-cc606edee07b
2022-03-10 13:26:19.418000,FR0014003513,Corporate bond,DIRECTION GENERALE DU TRESOR,0,2027-02-25,1000000,EUR,99,PERC,,BTFE,BTFE,BLOOMBERG,1,D2C,MTF,DBFTFB,ad1330f0-86f0-4c43-9163-07837a69eec6
2022-03-10 12:58:31.499000,FR0014003513,Corporate bond,DIRECTION GENERALE DU TRESOR,0,2027-02-25,10000,EUR,99.09,PERC,,BTFE,BTFE,BLOOMBERG,1,D2C,MTF,DBFTFB,a7cd51fb-d7fb-4291-87eb-b27054feeeec
2022-03-10 12:57:40.349000,FR0014003513,Corporate bond,DIRECTION GENERALE DU TRESOR,0,2027-02-25,500000,EUR,99.072,PERC,,BTFE,BTFE,BLOOMBERG,1,D2C,MTF,DBFTFB,4151e732-eabe-4726-ada7-109a416a17ac
2022-03-09 16:18:05.882000,FR0014003513,Corporate bond,DIRECTION GENERALE DU TRESOR,0,2027-02-25,11000,EUR,99.724,PERC,,BTFE,BTFE,BLOOMBERG,1,D2C,MTF,DBFTFB,f37bc6b9-0fd7-4032-9285-8451fc619c50
2022-03-09 15:56:03.844000,FR0014003513,Corporate bond,DIRECTION GENERALE DU TRESOR,0,2027-02-25,100000,EUR,99.686,PERC,,BTFE,BTFE,BLOOMBERG,1,D2C,MTF,DBFTFB,9b07b4d1-f7b2-4cfe-8d70-6b59e814dc04
2022-03-08 16:12:06.682000,FR0014003513,Corporate bond,DIRECTION GENERALE DU TRESOR,0,2027-02-25,477000,EUR,100.153,PERC,,BTFE,BTFE,BLOOMBERG,1,D2C,MTF,DBFTFB,4211cd38-e2c5-454e-a59b-81da646c1f60
2022-03-08 08:23:40.667000,FR0014003513,Corporate bond,DIRECTION GENERALE DU TRESOR,0,2027-02-25,20000,EUR,100.164,PERC,,BTFE,BTFE,BLOOMBERG,1,D2C,MTF,DBFTFB,10a9f954-0660-41cd-80e5-b3b5e38f2009
2022-03-08 07:37:22.902086,FR0014003513,Corporate bond,DIRECTION GENERALE DU TRESOR,0,2027-02-25,939731690,EUR,100.245614,PERC,IDAF LRGS,BTFE,BTFE,BLOOMBERG,44,D2C,MTF,DBFTFB,
2022-03-07 14:43:12.053000,FR0014003513,Corporate bond,DIRECTION GENERALE DU TRESOR,0,2027-02-25,10000,EUR,100.58,PERC,,BTFE,BTFE,BLOOMBERG,1,D2C,MTF,DBFTFB,83381cda-c4e6-47a2-a562-7239e2d4a7c0
2022-03-07 12:10:19.122037,FR0014003513,Corporate bond,DIRECTION GENERALE DU TRESOR,0,2027-02-25,402551489,EUR,99.693606,PERC,IDAF LRGS,BTFE,BTFE,BLOOMBERG,23,D2C,MTF,DBFTFB,
2022-03-03 16:09:27.789000,FR0014003513,Corporate bond,DIRECTION GENERALE DU TRESOR,0,2027-02-25,200000,EUR,100.285,PERC,,BTFE,BTFE,BLOOMBERG,1,D2C,MTF,DBFTFB,e5bca7ef-5f1c-41bd-ba7d-c2afabe86d98
2022-03-03 15:09:22.734000,FR0014003513,Corporate bond,DIRECTION GENERALE DU TRESOR,0,2027-02-25,100000,EUR,100.127,PERC,,BTFE,BTFE,BLOOMBERG,1,D2C,MTF,DBFTFB,b7c6d655-85de-4cd8-a014-9076e0571dc1
2022-03-03 09:10:20.447000,FR0014003513,Corporate bond,DIRECTION GENERALE DU TRESOR,0,2027-02-25,300000,EUR,100.255,PERC,,BTFE,BTFE,BLOOMBERG,1,D2C,MTF,DBFTFB,bfba4508-c9a8-4afe-80cd-a66e1cfdf79b
2022-03-02 10:57:04.570000,FR0014003513,Corporate bond,DIRECTION GENERALE DU TRESOR,0,2027-02-25,500000,EUR,100.779,PERC,,BTFE,BTFE,BLOOMBERG,1,D2C,MTF,DBFTFB,f16dd237-036d-4881-b894-dd7ac47c2bdb
2022-03-02 08:56:56.020000,FR0014003513,Corporate bond,DIRECTION GENERALE DU TRESOR,0,2027-02-25,1000000,EUR,100.879,PERC,,BTFE,BTFE,BLOOMBERG,1,D2C,MTF,DBFTFB,729e989c-ae1c-4ee6-b6d3-a2a5cbb02c9a
2022-03-02 08:33:40.766000,FR0014003513,Corporate bond,DIRECTION GENERALE DU TRESOR,0,2027-02-25,500000,EUR,100.963,PERC,,BTFE,BTFE,BLOOMBERG,1,D2C,MTF,DBFTFB,0ebdab65-20f6-4ee6-a321-177948448c35
2022-03-01 16:19:50.910000,FR0014003513,Corporate bond,DIRECTION GENERALE DU TRESOR,0,2027-02-25,264000,EUR,101.011,PERC,,BTFE,BTFE,BLOOMBERG,1,D2C,MTF,DBFTFB,56b1eef8-9bf9-4d46-9c83-c148d55f80bd
2022-03-01 16:14:59.249000,FR0014003513,Corporate bond,DIRECTION GENERALE DU TRESOR,0,2027-02-25,3790,EUR,100.954,PERC,,BTFE,BTFE,BLOOMBERG,1,D2C,MTF,DBFTFB,ea0f551a-6cba-4ca6-adc1-549a86c165cb
2022-03-01 10:20:43.871000,FR0014003513,Corporate bond,DIRECTION GENERALE DU TRESOR,0,2027-02-25,450000,EUR,100.483,PERC,,BTFE,BTFE,BLOOMBERG,1,D2C,MTF,DBFTFB,f489d4d2-0a9a-4c46-b135-ce2f4f511736
2022-03-01 09:47:42.063000,FR0014003513,Corporate bond,DIRECTION GENERALE DU TRESOR,0,2027-02-25,400000,EUR,100.401,PERC,,BTFE,BTFE,BLOOMBERG,1,D2C,MTF,DBFTFB,40a6f14f-2847-4451-aca4-cba74472584b
2022-03-01 07:47:58.869421,FR0014003513,Corporate bond,DIRECTION GENERALE DU TRESOR,0,2027-02-25,263400000,EUR,99.014157,PERC,IDAF LRGS,BTFE,BTFE,BLOOMBERG,22,D2C,MTF,DBFTFB,
2022-02-28 13:39:17.115000,FR0014003513,Corporate bond,DIRECTION GENERALE DU TRESOR,0,2027-02-25,100000,EUR,99.336,PERC,,BTFE,BTFE,BLOOMBERG,1,D2C,MTF,DBFTFB,d283a8be-fed4-49ae-a45d-711d0cb4c15a
2022-02-25 13:17:15.856000,FR0014003513,Corporate bond,DIRECTION GENERALE DU TRESOR,0,2027-02-25,250000,EUR,98.978,PERC,,BTFE,BTFE,BLOOMBERG,1,D2C,MTF,DBFTFB,43427358-e02b-48a5-8b42-5475a7e85004
2022-02-24 09:26:03.795000,FR0014003513,Corporate bond,DIRECTION GENERALE DU TRESOR,0,2027-02-25,1000000,EUR,99.208,PERC,,BTFE,BTFE,BLOOMBERG,1,D2C,MTF,DBFTFB,228fd7ff-7507-4149-bf80-948877640cab
2022-02-23 14:34:30.715000,FR0014003513,Corporate bond,DIRECTION GENERALE DU TRESOR,0,2027-02-25,20000,EUR,98.737,PERC,,BTFE,BTFE,BLOOMBERG,1,D2C,MTF,DBFTFB,4f1675fe-80dc-4f90-b505-f9b9119b32e9
2022-02-22 07:52:59.976118,FR0014003513,Corporate bond,DIRECTION GENERALE DU TRESOR,0,2027-02-25,562420000,EUR,98.941043,PERC,IDAF LRGS,BTFE,BTFE,BLOOMBERG,45,D2C,MTF,DBFTFB,
2022-02-21 16:23:08.016000,FR0014003513,Corporate bond,DIRECTION GENERALE DU TRESOR,0,2027-02-25,10000,EUR,99.11,PERC,,BTFE,BTFE,BLOOMBERG,1,D2C,MTF,DBFTFB,fc25b2f9-b690-4ead-9014-f79c99875d83
2022-02-21 16:10:32.574000,FR0014003513,Corporate bond,DIRECTION GENERALE DU TRESOR,0,2027-02-25,10000,EUR,99.155,PERC,,BTFE,BTFE,BLOOMBERG,1,D2C,MTF,DBFTFB,d2e02697-c2a2-4a8a-8547-586443ea308c
2022-02-18 16:09:42.131000,FR0014003513,Corporate bond,DIRECTION GENERALE DU TRESOR,0,2027-02-25,1900000,EUR,99.275,PERC,,BTFE,BTFE,BLOOMBERG,1,D2C,MTF,DBFTFB,4ce73006-0a07-4930-8190-eb666e170c54
2022-02-18 16:09:41.446000,FR0014003513,Corporate bond,DIRECTION GENERALE DU TRESOR,0,2027-02-25,1900000,EUR,99.286,PERC,,BTFE,BTFE,BLOOMBERG,1,D2C,MTF,DBFTFB,3480255e-c5c1-4c43-acf3-df3426ee2994
2022-02-18 16:09:39.345000,FR0014003513,Corporate bond,DIRECTION GENERALE DU TRESOR,0,2027-02-25,1600000,EUR,99.275,PERC,,BTFE,BTFE,BLOOMBERG,1,D2C,MTF,DBFTFB,1e137e6e-e5d1-4a77-a612-27b652f54bd8
2022-02-18 16:09:38.603000,FR0014003513,Corporate bond,DIRECTION GENERALE DU TRESOR,0,2027-02-25,1600000,EUR,99.279,PERC,,BTFE,BTFE,BLOOMBERG,1,D2C,MTF,DBFTFB,7a564b00-a4f1-43af-8e90-24176538c35d
2022-02-18 16:03:20.104000,FR0014003513,Corporate bond,DIRECTION GENERALE DU TRESOR,0,2027-02-25,1962000,EUR,99.211,PERC,,BTFE,BTFE,BLOOMBERG,1,D2C,MTF,DBFTFB,a9982e74-f395-4072-a1bc-785d2551d0b7
2022-02-18 16:03:18.135000,FR0014003513,Corporate bond,DIRECTION GENERALE DU TRESOR,0,2027-02-25,1962000,EUR,99.229,PERC,,BTFE,BTFE,BLOOMBERG,1,D2C,MTF,DBFTFB,45558222-8f08-40dd-b6d7-37050d1691d2
2022-02-18 15:59:37.389000,FR0014003513,Corporate bond,DIRECTION GENERALE DU TRESOR,0,2027-02-25,1980000,EUR,99.203,PERC,,BTFE,BTFE,BLOOMBERG,1,D2C,MTF,DBFTFB,86f6e860-ff77-47b7-b8fa-ae4a88683008
2022-02-18 15:59:36.239000,FR0014003513,Corporate bond,DIRECTION GENERALE DU TRESOR,0,2027-02-25,1980000,EUR,99.225,PERC,,BTFE,BTFE,BLOOMBERG,1,D2C,MTF,DBFTFB,c5abd146-8427-49c8-b935-d3592b3a7421
2022-02-18 14:58:51.914000,FR0014003513,Corporate bond,DIRECTION GENERALE DU TRESOR,0,2027-02-25,10000,EUR,99.227,PERC,,BTFE,BTFE,BLOOMBERG,1,D2C,MTF,DBFTFB,93973b8f-54ab-4201-b7e4-28be444d2b76
2022-02-18 09:34:12.304000,FR0014003513,Corporate bond,DIRECTION GENERALE DU TRESOR,0,2027-02-25,1955000,EUR,99.195,PERC,,BTFE,BTFE,BLOOMBERG,1,D2C,MTF,DBFTFB,35162cdb-40b6-43d3-8571-a7dc93a64248
2022-02-18 09:34:09.072000,FR0014003513,Corporate bond,DIRECTION GENERALE DU TRESOR,0,2027-02-25,1955000,EUR,99.192,PERC,,BTFE,BTFE,BLOOMBERG,1,D2C,MTF,DBFTFB,dde9ec7e-ac34-42d1-afb3-894042da356d
2022-02-16 15:41:45.613000,FR0014003513,Corporate bond,DIRECTION GENERALE DU TRESOR,0,2027-02-25,1975000,EUR,98.815,PERC,,BTFE,BTFE,BLOOMBERG,1,D2C,MTF,DBFTFB,ef8d8e22-625a-4b73-901e-0495aab47b6f
2022-02-16 15:41:43.395000,FR0014003513,Corporate bond,DIRECTION GENERALE DU TRESOR,0,2027-02-25,1975000,EUR,98.82,PERC,,BTFE,BTFE,BLOOMBERG,1,D2C,MTF,DBFTFB,a3038034-6129-4ec1-a048-82a098bd1669
2022-02-16 15:02:25.087000,FR0014003513,Corporate bond,DIRECTION GENERALE DU TRESOR,0,2027-02-25,1920000,EUR,98.867,PERC,,BTFE,BTFE,BLOOMBERG,1,D2C,MTF,DBFTFB,d83a5f0c-718e-4167-b4ac-85aca10c2546
2022-02-16 15:02:22.080000,FR0014003513,Corporate bond,DIRECTION GENERALE DU TRESOR,0,2027-02-25,1920000,EUR,98.871,PERC,,BTFE,BTFE,BLOOMBERG,1,D2C,MTF,DBFTFB,50edaf39-ed7e-4cf8-a146-bb946d4debc2
2022-02-16 08:28:54.561000,FR0014003513,Corporate bond,DIRECTION GENERALE DU TRESOR,0,2027-02-25,1990000,EUR,98.612,PERC,,BTFE,BTFE,BLOOMBERG,1,D2C,MTF,DBFTFB,89271bd5-7007-41ad-8235-09e6e340cd98
2022-02-16 08:28:52.679000,FR0014003513,Corporate bond,DIRECTION GENERALE DU TRESOR,0,2027-02-25,1990000,EUR,98.628,PERC,,BTFE,BTFE,BLOOMBERG,1,D2C,MTF,DBFTFB,2d6fad3d-b4ac-4e10-a897-b9261961018e
2022-02-16 08:28:15.031000,FR0014003513,Corporate bond,DIRECTION GENERALE DU TRESOR,0,2027-02-25,1965000,EUR,98.601,PERC,,BTFE,BTFE,BLOOMBERG,1,D2C,MTF,DBFTFB,1e7bba1b-aa19-4832-a730-8281a4f04c38
2022-02-16 08:28:13.135000,FR0014003513,Corporate bond,DIRECTION GENERALE DU TRESOR,0,2027-02-25,1965000,EUR,98.614,PERC,,BTFE,BTFE,BLOOMBERG,1,D2C,MTF,DBFTFB,91045e83-a9aa-4164-b582-60debc3bbf3b
2022-02-15 16:19:50.008000,FR0014003513,Corporate bond,DIRECTION GENERALE DU TRESOR,0,2027-02-25,1940000,EUR,98.605,PERC,,BTFE,BTFE,BLOOMBERG,1,D2C,MTF,DBFTFB,1d6ff413-1874-4d90-a510-533bd1be7711
2022-02-15 16:19:47.865000,FR0014003513,Corporate bond,DIRECTION GENERALE DU TRESOR,0,2027-02-25,1940000,EUR,98.613,PERC,,BTFE,BTFE,BLOOMBERG,1,D2C,MTF,DBFTFB,858cfc07-0c59-4ec6-b1cd-626e44dcda3f
2022-02-15 16:11:00.410000,FR0014003513,Corporate bond,DIRECTION GENERALE DU TRESOR,0,2027-02-25,1960000,EUR,98.614,PERC,,BTFE,BTFE,BLOOMBERG,1,D2C,MTF,DBFTFB,8ee70644-7fa3-45ee-81e9-b0c2da1ec5aa
2022-02-15 16:10:58.371000,FR0014003513,Corporate bond,DIRECTION GENERALE DU TRESOR,0,2027-02-25,1960000,EUR,98.619,PERC,,BTFE,BTFE,BLOOMBERG,1,D2C,MTF,DBFTFB,3d4a3048-af1d-4055-a2e3-4c721ba507a3
2022-02-15 15:01:14.049000,FR0014003513,Corporate bond,DIRECTION GENERALE DU TRESOR,0,2027-02-25,1900000,EUR,98.606,PERC,,BTFE,BTFE,BLOOMBERG,1,D2C,MTF,DBFTFB,0dfcd127-0481-4f43-9d9d-c2035df5e47c
2022-02-15 15:01:11.583000,FR0014003513,Corporate bond,DIRECTION GENERALE DU TRESOR,0,2027-02-25,1900000,EUR,98.612,PERC,,BTFE,BTFE,BLOOMBERG,1,D2C,MTF,DBFTFB,0ab485df-74b7-4fbf-b581-d5e30056d2d1
2022-02-15 15:00:43.461000,FR0014003513,Corporate bond,DIRECTION GENERALE DU TRESOR,0,2027-02-25,1700000,EUR,98.606,PERC,,BTFE,BTFE,BLOOMBERG,1,D2C,MTF,DBFTFB,9122373f-cf19-4af6-afc2-bf9e5e559f60
2022-02-15 15:00:40.195000,FR0014003513,Corporate bond,DIRECTION GENERALE DU TRESOR,0,2027-02-25,1700000,EUR,98.604,PERC,,BTFE,BTFE,BLOOMBERG,1,D2C,MTF,DBFTFB,7fba2ecb-6a60-48a3-a7a3-5ce5d6f5165c
2022-02-15 07:52:18.126357,FR0014003513,Corporate bond,DIRECTION GENERALE DU TRESOR,0,2027-02-25,749491000,EUR,98.672837,PERC,IDAF LRGS,BTFE,BTFE,BLOOMBERG,57,D2C,MTF,DBFTFB,
2022-02-14 15:34:38.264000,FR0014003513,Corporate bond,DIRECTION GENERALE DU TRESOR,0,2027-02-25,100000,EUR,98.802,PERC,,BTFE,BTFE,BLOOMBERG,1,D2C,MTF,DBFTFB,10a15887-8f23-49c4-83f0-37465bf34f99
2022-02-14 09:49:04.133000,FR0014003513,Corporate bond,DIRECTION GENERALE DU TRESOR,0,2027-02-25,500000,EUR,98.983,PERC,,BTFE,BTFE,BLOOMBERG,1,D2C,MTF,DBFTFB,1576fe74-c2c8-4ff9-aeae-5e6b8826c0bc
2022-02-14 09:48:24.009000,FR0014003513,Corporate bond,DIRECTION GENERALE DU TRESOR,0,2027-02-25,300000,EUR,98.986,PERC,,BTFE,BTFE,BLOOMBERG,1,D2C,MTF,DBFTFB,d2114925-9bbe-4e7e-8bc8-ae7eb04e5aa3
2022-02-11 16:15:06.456000,FR0014003513,Corporate bond,DIRECTION GENERALE DU TRESOR,0,2027-02-25,1390,EUR,98.557,PERC,,BTFE,BTFE,BLOOMBERG,1,D2C,MTF,DBFTFB,3c7f0f52-2100-47cd-9275-1a75ed6188a1
2022-02-11 14:23:37.247000,FR0014003513,Corporate bond,DIRECTION GENERALE DU TRESOR,0,2027-02-25,200000,EUR,98.65,PERC,,BTFE,BTFE,BLOOMBERG,1,D2C,MTF,DBFTFB,1b2e30fd-3269-487e-ae27-5db6727dc69a
2022-02-11 10:43:49.398000,FR0014003513,Corporate bond,DIRECTION GENERALE DU TRESOR,0,2027-02-25,500000,EUR,98.545,PERC,,BTFE,BTFE,BLOOMBERG,1,D2C,MTF,DBFTFB,168ca4cb-4769-422c-b458-934711697a7f
2022-02-11 10:13:23.010000,FR0014003513,Corporate bond,DIRECTION GENERALE DU TRESOR,0,2027-02-25,1800000,EUR,98.556,PERC,,BTFE,BTFE,BLOOMBERG,1,D2C,MTF,DBFTFB,aba66e6b-09be-4380-ba7e-e5f247a88924
2022-02-11 10:13:20.752000,FR0014003513,Corporate bond,DIRECTION GENERALE DU TRESOR,0,2027-02-25,1800000,EUR,98.564,PERC,,BTFE,BTFE,BLOOMBERG,1,D2C,MTF,DBFTFB,1fb8ec14-c65d-475c-abd0-c7b2787d52d4
2022-02-10 09:35:44.604000,FR0014003513,Corporate bond,DIRECTION GENERALE DU TRESOR,0,2027-02-25,500000,EUR,98.671,PERC,,BTFE,BTFE,BLOOMBERG,1,D2C,MTF,DBFTFB,8af06be2-f30d-47e8-8f07-3b12b7c9e8af
2022-02-10 08:42:55.420000,FR0014003513,Corporate bond,DIRECTION GENERALE DU TRESOR,0,2027-02-25,400000,EUR,98.72,PERC,,BTFE,BTFE,BLOOMBERG,1,D2C,MTF,DBFTFB,5d3356e5-36f2-4e98-b375-81eb3f511e73
2022-02-09 15:24:16.847000,FR0014003513,Corporate bond,DIRECTION GENERALE DU TRESOR,0,2027-02-25,200000,EUR,98.784,PERC,,BTFE,BTFE,BLOOMBERG,1,D2C,MTF,DBFTFB,67e4c09a-7209-45c9-b61c-c5c22332721e
2022-02-09 11:50:18.842000,FR0014003513,Corporate bond,DIRECTION GENERALE DU TRESOR,0,2027-02-25,685000,EUR,98.758,PERC,,BTFE,BTFE,BLOOMBERG,1,D2C,MTF,DBFTFB,63ee1ddc-f147-4758-92a7-1dcc77858962
2022-02-08 09:22:57.988000,FR0014003513,Corporate bond,DIRECTION GENERALE DU TRESOR,0,2027-02-25,500000,EUR,98.739,PERC,,BTFE,BTFE,BLOOMBERG,1,D2C,MTF,DBFTFB,e7e41806-a8ac-4cdd-9fed-21018e2ef136
2022-02-08 07:53:17.564902,FR0014003513,Corporate bond,DIRECTION GENERALE DU TRESOR,0,2027-02-25,827679430,EUR,99.864755,PERC,IDAF LRGS,BTFE,BTFE,BLOOMBERG,44,D2C,MTF,DBFTFB,
2022-02-07 16:12:57.422000,FR0014003513,Corporate bond,DIRECTION GENERALE DU TRESOR,0,2027-02-25,800000,EUR,98.648,PERC,,BTFE,BTFE,BLOOMBERG,1,D2C,MTF,DBFTFB,38afcbeb-29c5-444b-bbd1-6c28e17b0331
2022-02-07 11:23:18.197000,FR0014003513,Corporate bond,DIRECTION GENERALE DU TRESOR,0,2027-02-25,1000000,EUR,98.543,PERC,,BTFE,BTFE,BLOOMBERG,1,D2C,MTF,DBFTFB,5f2f0b22-31d9-4a34-9a9e-b527ab8f32ba
2022-02-07 09:21:04.772000,FR0014003513,Corporate bond,DIRECTION GENERALE DU TRESOR,0,2027-02-25,300000,EUR,98.666,PERC,,BTFE,BTFE,BLOOMBERG,1,D2C,MTF,DBFTFB,c1308b19-8c17-4690-8bcf-6351497af77a
2022-02-04 09:44:16.248000,FR0014003513,Corporate bond,DIRECTION GENERALE DU TRESOR,0,2027-02-25,500000,EUR,99.015,PERC,,BTFE,BTFE,BLOOMBERG,1,D2C,MTF,DBFTFB,cfbdd3a2-c2e2-4ed5-ab83-3ec9860ef384
2022-02-04 08:18:25.765000,FR0014003513,Corporate bond,DIRECTION GENERALE DU TRESOR,0,2027-02-25,200000,EUR,98.979,PERC,,BTFE,BTFE,BLOOMBERG,1,D2C,MTF,DBFTFB,eefa47fe-207b-4cb8-9c79-e94f33e4825b
2022-02-03 16:46:27.796000,FR0014003513,Corporate bond,DIRECTION GENERALE DU TRESOR,0,2027-02-25,550000,EUR,99.227,PERC,,BTFE,BTFE,BLOOMBERG,1,D2C,MTF,DBFTFB,eb54a52c-9c43-4b88-809a-d3f68735933c
2022-02-03 16:37:13.399000,FR0014003513,Corporate bond,DIRECTION GENERALE DU TRESOR,0,2027-02-25,125000,EUR,99.198,PERC,,BTFE,BTFE,BLOOMBERG,1,D2C,MTF,DBFTFB,55be1fa0-aa25-4dbf-ba33-117dad24f7bf
2022-02-03 16:27:38.022000,FR0014003513,Corporate bond,DIRECTION GENERALE DU TRESOR,0,2027-02-25,300000,EUR,99.237,PERC,,BTFE,BTFE,BLOOMBERG,1,D2C,MTF,DBFTFB,8d83702b-7bc1-474e-8315-dce3abe1912c
2022-02-03 14:48:45.287000,FR0014003513,Corporate bond,DIRECTION GENERALE DU TRESOR,0,2027-02-25,1000000,EUR,99.376,PERC,,BTFE,BTFE,BLOOMBERG,1,D2C,MTF,DBFTFB,c28ae929-58e2-4150-a380-c94842ce4f1b
2022-02-03 14:48:30.480000,FR0014003513,Corporate bond,DIRECTION GENERALE DU TRESOR,0,2027-02-25,1000000,EUR,99.374,PERC,,BTFE,BTFE,BLOOMBERG,1,D2C,MTF,DBFTFB,33c23c63-3294-4999-b669-c95ccf32c119
2022-02-02 15:30:34.227000,FR0014003513,Corporate bond,DIRECTION GENERALE DU TRESOR,0,2027-02-25,100000,EUR,100.03,PERC,,BTFE,BTFE,BLOOMBERG,1,D2C,MTF,DBFTFB,48a25147-dbaa-4725-8e42-a68fdb8f6e29
2022-02-01 12:46:11.553000,FR0014003513,Corporate bond,DIRECTION GENERALE DU TRESOR,0,2027-02-25,93000,EUR,100.314,PERC,,BTFE,BTFE,BLOOMBERG,1,D2C,MTF,DBFTFB,314dd8cd-0b74-43fd-9b97-ab8c90b41b06
2022-02-01 10:32:33.044000,FR0014003513,Corporate bond,DIRECTION GENERALE DU TRESOR,0,2027-02-25,600000,EUR,100.324,PERC,,BTFE,BTFE,BLOOMBERG,1,D2C,MTF,DBFTFB,bd6a1509-3d25-4eb8-9219-9ccc7e099b54
2022-02-01 07:52:34.711032,FR0014003513,Corporate bond,DIRECTION GENERALE DU TRESOR,0,2027-02-25,447990000,EUR,100.762267,PERC,IDAF LRGS,BTFE,BTFE,BLOOMBERG,19,D2C,MTF,DBFTFB,
2022-01-31 15:59:00.735000,FR0014003513,Corporate bond,DIRECTION GENERALE DU TRESOR,0,2027-02-25,370000,EUR,100.276,PERC,,BTFE,BTFE,BLOOMBERG,1,D2C,MTF,DBFTFB,27e9941f-8590-4b3c-b8ca-8125268542cb
2022-01-31 15:49:33.051000,FR0014003513,Corporate bond,DIRECTION GENERALE DU TRESOR,0,2027-02-25,1900000,EUR,100.268,PERC,,BTFE,BTFE,BLOOMBERG,1,D2C,MTF,DBFTFB,96228571-d4c5-4120-8ded-12bf37401171
2022-01-28 09:06:01.234000,FR0014003513,Corporate bond,DIRECTION GENERALE DU TRESOR,0,2027-02-25,1200000,EUR,100.685,PERC,,BTFE,BTFE,BLOOMBERG,1,D2C,MTF,DBFTFB,86652192-5015-4d1c-8d0c-85c472c6e0c3
