Historical Rts2 Post Trade Microsecond,Historical Rts2 Instrument Identification Code,Bond Type Bond Type Desc,Instruments New Issuer Name,Instruments New Bond Fixed Rate,Instruments New Bond Maturity Date,Historical Rts2 Notional Amount,Historical Rts2 Notional Currency,Historical Rts2 Price,Historical Rts2 Price Notation,Historical Rts2 Flag List,Historical Rts2 Venue of Execution,Historical Rts2 Venue of Publication,Mifid Entities Commercial Name,Historical Rts2 Transaction Count,Mifid Entities Platform Type,Mifid Entities Trading Venue Types,Instruments New Cfi,Historical Rts2 Transaction Identification Code
2022-07-21 08:34:01.240418,FR0014003513,Corporate bond,DIRECTION GENERALE DU TRESOR,0,2027-02-25,5500000,EUR,94.29,PERC,,FMTS,FMTS,MTS,1,D2D,MTF,DBFTFB,400407
2022-07-21 08:28:35.523544,FR0014003513,Corporate bond,DIRECTION GENERALE DU TRESOR,0,2027-02-25,10000000,EUR,94.35,PERC,,FMTS,FMTS,MTS,1,D2D,MTF,DBFTFB,400373
2022-07-12 08:31:51.434009,FR0014003513,Corporate bond,DIRECTION GENERALE DU TRESOR,0,2027-02-25,10000000,EUR,95.38,PERC,,FMTS,FMTS,MTS,1,D2D,MTF,DBFTFB,400654
2022-07-06 13:33:07.020965,FR0014003513,Corporate bond,DIRECTION GENERALE DU TRESOR,0,2027-02-25,5000000,EUR,95.39,PERC,,FMTS,FMTS,MTS,1,D2D,MTF,DBFTFB,402195
2022-07-05 12:22:02.095299,FR0014003513,Corporate bond,DIRECTION GENERALE DU TRESOR,0,2027-02-25,5000000,EUR,94.65,PERC,,FMTS,FMTS,MTS,1,D2D,MTF,DBFTFB,401877
2022-07-01 10:40:48.002409,FR0014003513,Corporate bond,DIRECTION GENERALE DU TRESOR,0,2027-02-25,10000000,EUR,94.2,PERC,,FMTS,FMTS,MTS,1,D2D,MTF,DBFTFB,401183
2022-07-01 10:39:22.729179,FR0014003513,Corporate bond,DIRECTION GENERALE DU TRESOR,0,2027-02-25,10000000,EUR,94.16,PERC,,FMTS,FMTS,MTS,1,D2D,MTF,DBFTFB,401173
2022-06-28 15:08:28.566766,FR0014003513,Corporate bond,DIRECTION GENERALE DU TRESOR,0,2027-02-25,10000000,EUR,92.74,PERC,,FMTS,FMTS,MTS,1,D2D,MTF,DBFTFB,402712
2022-06-28 14:21:04.154670,FR0014003513,Corporate bond,DIRECTION GENERALE DU TRESOR,0,2027-02-25,14000000,EUR,92.75,PERC,,FMTS,FMTS,MTS,1,D2D,MTF,DBFTFB,402427
2022-06-28 11:30:52.790602,FR0014003513,Corporate bond,DIRECTION GENERALE DU TRESOR,0,2027-02-25,10000000,EUR,92.73,PERC,,FMTS,FMTS,MTS,1,D2D,MTF,DBFTFB,401482
2022-06-28 07:34:16.584538,FR0014003513,Corporate bond,DIRECTION GENERALE DU TRESOR,0,2027-02-25,10000000,EUR,92.73,PERC,,FMTS,FMTS,MTS,1,D2D,MTF,DBFTFB,400151
2022-06-27 11:00:57.645523,FR0014003513,Corporate bond,DIRECTION GENERALE DU TRESOR,0,2027-02-25,10000000,EUR,93.11,PERC,,FMTS,FMTS,MTS,1,D2D,MTF,DBFTFB,401303
2022-06-27 08:33:23.467382,FR0014003513,Corporate bond,DIRECTION GENERALE DU TRESOR,0,2027-02-25,10000000,EUR,93.45,PERC,,FMTS,FMTS,MTS,1,D2D,MTF,DBFTFB,400321
2022-06-27 07:21:21.218458,FR0014003513,Corporate bond,DIRECTION GENERALE DU TRESOR,0,2027-02-25,10000000,EUR,93.43,PERC,,FMTS,FMTS,MTS,1,D2D,MTF,DBFTFB,400102
2022-06-24 14:09:07.668227,FR0014003513,Corporate bond,DIRECTION GENERALE DU TRESOR,0,2027-02-25,5000000,EUR,93.61,PERC,,FMTS,FMTS,MTS,1,D2D,MTF,DBFTFB,401985
2022-06-24 14:08:26.554693,FR0014003513,Corporate bond,DIRECTION GENERALE DU TRESOR,0,2027-02-25,5000000,EUR,93.59,PERC,,FMTS,FMTS,MTS,1,D2D,MTF,DBFTFB,401984
2022-06-24 14:08:23.555032,FR0014003513,Corporate bond,DIRECTION GENERALE DU TRESOR,0,2027-02-25,5000000,EUR,93.59,PERC,,FMTS,FMTS,MTS,1,D2D,MTF,DBFTFB,401983
2022-06-24 12:21:54.813116,FR0014003513,Corporate bond,DIRECTION GENERALE DU TRESOR,0,2027-02-25,10000000,EUR,93.42,PERC,,FMTS,FMTS,MTS,1,D2D,MTF,DBFTFB,401484
2022-06-24 12:20:34.996546,FR0014003513,Corporate bond,DIRECTION GENERALE DU TRESOR,0,2027-02-25,5000000,EUR,93.41,PERC,,FMTS,FMTS,MTS,1,D2D,MTF,DBFTFB,401474
2022-06-24 12:07:42.566052,FR0014003513,Corporate bond,DIRECTION GENERALE DU TRESOR,0,2027-02-25,5000000,EUR,93.38,PERC,,FMTS,FMTS,MTS,1,D2D,MTF,DBFTFB,401369
2022-06-22 12:44:48.770547,FR0014003513,Corporate bond,DIRECTION GENERALE DU TRESOR,0,2027-02-25,25000000,EUR,92.41,PERC,,FMTS,FMTS,MTS,1,D2D,MTF,DBFTFB,402120
2022-06-22 12:41:07.079246,FR0014003513,Corporate bond,DIRECTION GENERALE DU TRESOR,0,2027-02-25,10000000,EUR,92.39,PERC,,FMTS,FMTS,MTS,1,D2D,MTF,DBFTFB,402022
2022-06-21 09:21:26.498888,FR0014003513,Corporate bond,DIRECTION GENERALE DU TRESOR,0,2027-02-25,10000000,EUR,92.06,PERC,,FMTS,FMTS,MTS,1,D2D,MTF,DBFTFB,400566
2022-06-21 09:21:26.480686,FR0014003513,Corporate bond,DIRECTION GENERALE DU TRESOR,0,2027-02-25,10000000,EUR,92.06,PERC,,FMTS,FMTS,MTS,1,D2D,MTF,DBFTFB,400565
2022-06-17 08:25:28.345873,FR0014003513,Corporate bond,DIRECTION GENERALE DU TRESOR,0,2027-02-25,5500000,EUR,92.3,PERC,,FMTS,FMTS,MTS,1,D2D,MTF,DBFTFB,400225
2022-06-15 10:49:21.934207,FR0014003513,Corporate bond,DIRECTION GENERALE DU TRESOR,0,2027-02-25,10000000,EUR,92.03,PERC,,FMTS,FMTS,MTS,1,D2D,MTF,DBFTFB,400619
2022-06-15 10:32:24.323068,FR0014003513,Corporate bond,DIRECTION GENERALE DU TRESOR,0,2027-02-25,5000000,EUR,92.02,PERC,,FMTS,FMTS,MTS,1,D2D,MTF,DBFTFB,400588
2022-06-15 10:32:24.170224,FR0014003513,Corporate bond,DIRECTION GENERALE DU TRESOR,0,2027-02-25,5000000,EUR,92.02,PERC,,FMTS,FMTS,MTS,1,D2D,MTF,DBFTFB,400587
2022-06-14 13:53:36.926560,FR0014003513,Corporate bond,DIRECTION GENERALE DU TRESOR,0,2027-02-25,10000000,EUR,91.9,PERC,,FMTS,FMTS,MTS,1,D2D,MTF,DBFTFB,402479
2022-06-14 08:15:10.145710,FR0014003513,Corporate bond,DIRECTION GENERALE DU TRESOR,0,2027-02-25,10000000,EUR,92.02,PERC,,FMTS,FMTS,MTS,1,D2D,MTF,DBFTFB,400362
2022-06-14 08:13:06.125621,FR0014003513,Corporate bond,DIRECTION GENERALE DU TRESOR,0,2027-02-25,10000000,EUR,91.99,PERC,,FMTS,FMTS,MTS,1,D2D,MTF,DBFTFB,400338
2022-06-13 15:19:12.054008,FR0014003513,Corporate bond,DIRECTION GENERALE DU TRESOR,0,2027-02-25,10000000,EUR,91.93,PERC,,FMTS,FMTS,MTS,1,D2D,MTF,DBFTFB,402777
2022-06-13 15:17:51.605722,FR0014003513,Corporate bond,DIRECTION GENERALE DU TRESOR,0,2027-02-25,10000000,EUR,91.93,PERC,,FMTS,FMTS,MTS,1,D2D,MTF,DBFTFB,402773
2022-06-13 07:57:04.117181,FR0014003513,Corporate bond,DIRECTION GENERALE DU TRESOR,0,2027-02-25,10000000,EUR,92.39,PERC,,FMTS,FMTS,MTS,1,D2D,MTF,DBFTFB,400350
2022-06-10 08:46:45.502510,FR0014003513,Corporate bond,DIRECTION GENERALE DU TRESOR,0,2027-02-25,10000000,EUR,93.44,PERC,,FMTS,FMTS,MTS,1,D2D,MTF,DBFTFB,400736
2022-06-10 08:04:00.660040,FR0014003513,Corporate bond,DIRECTION GENERALE DU TRESOR,0,2027-02-25,10000000,EUR,93.39,PERC,,FMTS,FMTS,MTS,1,D2D,MTF,DBFTFB,400436
2022-06-09 13:27:03.635309,FR0014003513,Corporate bond,DIRECTION GENERALE DU TRESOR,0,2027-02-25,10000000,EUR,93.55,PERC,,FMTS,FMTS,MTS,1,D2D,MTF,DBFTFB,401835
2022-06-09 13:00:44.289594,FR0014003513,Corporate bond,DIRECTION GENERALE DU TRESOR,0,2027-02-25,10000000,EUR,93.43,PERC,,FMTS,FMTS,MTS,1,D2D,MTF,DBFTFB,401769
2022-06-09 12:59:21.175661,FR0014003513,Corporate bond,DIRECTION GENERALE DU TRESOR,0,2027-02-25,10000000,EUR,93.42,PERC,,FMTS,FMTS,MTS,1,D2D,MTF,DBFTFB,401763
2022-06-09 08:48:11.799637,FR0014003513,Corporate bond,DIRECTION GENERALE DU TRESOR,0,2027-02-25,10000000,EUR,94.08,PERC,,FMTS,FMTS,MTS,1,D2D,MTF,DBFTFB,400524
2022-06-08 09:31:46.059956,FR0014003513,Corporate bond,DIRECTION GENERALE DU TRESOR,0,2027-02-25,8000000,EUR,94.08,PERC,,FMTS,FMTS,MTS,1,D2D,MTF,DBFTFB,400845
2022-06-08 09:07:33.726466,FR0014003513,Corporate bond,DIRECTION GENERALE DU TRESOR,0,2027-02-25,10000000,EUR,94.18,PERC,,FMTS,FMTS,MTS,1,D2D,MTF,DBFTFB,400535
2022-06-06 11:13:47.138285,FR0014003513,Corporate bond,DIRECTION GENERALE DU TRESOR,0,2027-02-25,5000000,EUR,94.38,PERC,,FMTS,FMTS,MTS,1,D2D,MTF,DBFTFB,401273
2022-06-06 10:58:16.578329,FR0014003513,Corporate bond,DIRECTION GENERALE DU TRESOR,0,2027-02-25,5000000,EUR,94.39,PERC,,FMTS,FMTS,MTS,1,D2D,MTF,DBFTFB,401240
2022-06-02 14:40:47.453639,FR0014003513,Corporate bond,DIRECTION GENERALE DU TRESOR,0,2027-02-25,10000000,EUR,94.52,PERC,,FMTS,FMTS,MTS,1,D2D,MTF,DBFTFB,402521
2022-05-24 13:58:38.180771,FR0014003513,Corporate bond,DIRECTION GENERALE DU TRESOR,0,2027-02-25,10000000,EUR,95.58,PERC,,FMTS,FMTS,MTS,1,D2D,MTF,DBFTFB,402495
2022-05-24 13:58:23.085410,FR0014003513,Corporate bond,DIRECTION GENERALE DU TRESOR,0,2027-02-25,10000000,EUR,95.58,PERC,,FMTS,FMTS,MTS,1,D2D,MTF,DBFTFB,402494
2022-05-24 13:53:24.592334,FR0014003513,Corporate bond,DIRECTION GENERALE DU TRESOR,0,2027-02-25,10000000,EUR,95.59,PERC,,FMTS,FMTS,MTS,1,D2D,MTF,DBFTFB,402481
2022-05-20 12:57:07.364219,FR0014003513,Corporate bond,DIRECTION GENERALE DU TRESOR,0,2027-02-25,10000000,EUR,95.87,PERC,,FMTS,FMTS,MTS,1,D2D,MTF,DBFTFB,401267
2022-05-19 15:02:46.143906,FR0014003513,Corporate bond,DIRECTION GENERALE DU TRESOR,0,2027-02-25,10000000,EUR,95.8,PERC,,FMTS,FMTS,MTS,1,D2D,MTF,DBFTFB,402880
2022-05-19 11:46:58.990145,FR0014003513,Corporate bond,DIRECTION GENERALE DU TRESOR,0,2027-02-25,10000000,EUR,95.74,PERC,,FMTS,FMTS,MTS,1,D2D,MTF,DBFTFB,401566
2022-05-19 08:36:44.639762,FR0014003513,Corporate bond,DIRECTION GENERALE DU TRESOR,0,2027-02-25,10000000,EUR,95.69,PERC,,FMTS,FMTS,MTS,1,D2D,MTF,DBFTFB,400570
2022-05-19 08:35:45.358700,FR0014003513,Corporate bond,DIRECTION GENERALE DU TRESOR,0,2027-02-25,10000000,EUR,95.71,PERC,,FMTS,FMTS,MTS,1,D2D,MTF,DBFTFB,400565
2022-05-19 08:35:05.232061,FR0014003513,Corporate bond,DIRECTION GENERALE DU TRESOR,0,2027-02-25,5000000,EUR,95.72,PERC,,FMTS,FMTS,MTS,1,D2D,MTF,DBFTFB,400563
2022-05-19 08:32:48.417319,FR0014003513,Corporate bond,DIRECTION GENERALE DU TRESOR,0,2027-02-25,10000000,EUR,95.71,PERC,,FMTS,FMTS,MTS,1,D2D,MTF,DBFTFB,400554
2022-05-19 08:32:34.412494,FR0014003513,Corporate bond,DIRECTION GENERALE DU TRESOR,0,2027-02-25,5000000,EUR,95.72,PERC,,FMTS,FMTS,MTS,1,D2D,MTF,DBFTFB,400548
2022-05-18 10:53:47.086481,FR0014003513,Corporate bond,DIRECTION GENERALE DU TRESOR,0,2027-02-25,5000000,EUR,95.31,PERC,,FMTS,FMTS,MTS,1,D2D,MTF,DBFTFB,401495
2022-05-18 10:53:45.146000,FR0014003513,Corporate bond,DIRECTION GENERALE DU TRESOR,0,2027-02-25,5000000,EUR,95.31,PERC,,FMTS,FMTS,MTS,1,D2D,MTF,DBFTFB,401457
2022-05-16 15:00:12.511618,FR0014003513,Corporate bond,DIRECTION GENERALE DU TRESOR,0,2027-02-25,10000000,EUR,96.13,PERC,,FMTS,FMTS,MTS,1,D2D,MTF,DBFTFB,403121
2022-05-16 14:57:28.348385,FR0014003513,Corporate bond,DIRECTION GENERALE DU TRESOR,0,2027-02-25,10000000,EUR,96.14,PERC,,FMTS,FMTS,MTS,1,D2D,MTF,DBFTFB,403110
2022-05-16 14:27:25.320874,FR0014003513,Corporate bond,DIRECTION GENERALE DU TRESOR,0,2027-02-25,10000000,EUR,96.1,PERC,,FMTS,FMTS,MTS,1,D2D,MTF,DBFTFB,402823
2022-05-11 13:51:57.187663,FR0014003513,Corporate bond,DIRECTION GENERALE DU TRESOR,0,2027-02-25,10000000,EUR,95.69,PERC,,FMTS,FMTS,MTS,1,D2D,MTF,DBFTFB,402820
2022-05-11 13:50:43.357226,FR0014003513,Corporate bond,DIRECTION GENERALE DU TRESOR,0,2027-02-25,10000000,EUR,95.73,PERC,,FMTS,FMTS,MTS,1,D2D,MTF,DBFTFB,402817
2022-05-11 13:49:40.369040,FR0014003513,Corporate bond,DIRECTION GENERALE DU TRESOR,0,2027-02-25,10000000,EUR,95.75,PERC,,FMTS,FMTS,MTS,1,D2D,MTF,DBFTFB,402806
2022-05-11 13:42:59.233933,FR0014003513,Corporate bond,DIRECTION GENERALE DU TRESOR,0,2027-02-25,10000000,EUR,95.65,PERC,,FMTS,FMTS,MTS,1,D2D,MTF,DBFTFB,402745
2022-05-10 11:50:28.835316,FR0014003513,Corporate bond,DIRECTION GENERALE DU TRESOR,0,2027-02-25,10000000,EUR,95.63,PERC,,FMTS,FMTS,MTS,1,D2D,MTF,DBFTFB,402414
2022-05-09 12:36:41.051124,FR0014003513,Corporate bond,DIRECTION GENERALE DU TRESOR,0,2027-02-25,8500000,EUR,95.02,PERC,,FMTS,FMTS,MTS,1,D2D,MTF,DBFTFB,401779
2022-05-09 12:36:41.021962,FR0014003513,Corporate bond,DIRECTION GENERALE DU TRESOR,0,2027-02-25,8500000,EUR,95.02,PERC,,FMTS,FMTS,MTS,1,D2D,MTF,DBFTFB,401778
2022-05-09 10:32:57.765142,FR0014003513,Corporate bond,DIRECTION GENERALE DU TRESOR,0,2027-02-25,10000000,EUR,94.95,PERC,,FMTS,FMTS,MTS,1,D2D,MTF,DBFTFB,401208
2022-05-06 13:59:53.157131,FR0014003513,Corporate bond,DIRECTION GENERALE DU TRESOR,0,2027-02-25,10000000,EUR,95.1,PERC,,FMTS,FMTS,MTS,1,D2D,MTF,DBFTFB,402713
2022-05-06 13:59:53.147951,FR0014003513,Corporate bond,DIRECTION GENERALE DU TRESOR,0,2027-02-25,10000000,EUR,95.1,PERC,,FMTS,FMTS,MTS,1,D2D,MTF,DBFTFB,402712
2022-05-06 10:18:20.230134,FR0014003513,Corporate bond,DIRECTION GENERALE DU TRESOR,0,2027-02-25,5000000,EUR,95.09,PERC,,FMTS,FMTS,MTS,1,D2D,MTF,DBFTFB,401392
2022-05-05 12:33:44.262434,FR0014003513,Corporate bond,DIRECTION GENERALE DU TRESOR,0,2027-02-25,6000000,EUR,95.95,PERC,,FMTS,FMTS,MTS,1,D2D,MTF,DBFTFB,403116
2022-05-04 10:57:52.245219,FR0014003513,Corporate bond,DIRECTION GENERALE DU TRESOR,0,2027-02-25,10000000,EUR,95.52,PERC,,FMTS,FMTS,MTS,1,D2D,MTF,DBFTFB,401792
2022-05-03 09:23:53.498943,FR0014003513,Corporate bond,DIRECTION GENERALE DU TRESOR,0,2027-02-25,20000000,EUR,95.6,PERC,,FMTS,FMTS,MTS,1,D2D,MTF,DBFTFB,400898
2022-05-03 09:17:58.481037,FR0014003513,Corporate bond,DIRECTION GENERALE DU TRESOR,0,2027-02-25,20000000,EUR,95.62,PERC,,FMTS,FMTS,MTS,1,D2D,MTF,DBFTFB,400855
2022-05-03 08:50:18.877221,FR0014003513,Corporate bond,DIRECTION GENERALE DU TRESOR,0,2027-02-25,10000000,EUR,95.6,PERC,,FMTS,FMTS,MTS,1,D2D,MTF,DBFTFB,400608
2022-05-03 08:31:56.014309,FR0014003513,Corporate bond,DIRECTION GENERALE DU TRESOR,0,2027-02-25,10000000,EUR,95.54,PERC,,FMTS,FMTS,MTS,1,D2D,MTF,DBFTFB,400475
2022-04-28 08:54:27.930180,FR0014003513,Corporate bond,DIRECTION GENERALE DU TRESOR,0,2027-02-25,10000000,EUR,96.35,PERC,,FMTS,FMTS,MTS,1,D2D,MTF,DBFTFB,400843
2022-04-28 08:52:43.792567,FR0014003513,Corporate bond,DIRECTION GENERALE DU TRESOR,0,2027-02-25,10000000,EUR,96.34,PERC,,FMTS,FMTS,MTS,1,D2D,MTF,DBFTFB,400835
2022-04-27 08:39:55.548759,FR0014003513,Corporate bond,DIRECTION GENERALE DU TRESOR,0,2027-02-25,20000000,EUR,96.28,PERC,,FMTS,FMTS,MTS,1,D2D,MTF,DBFTFB,400681
2022-04-27 08:39:05.674005,FR0014003513,Corporate bond,DIRECTION GENERALE DU TRESOR,0,2027-02-25,5000000,EUR,96.29,PERC,,FMTS,FMTS,MTS,1,D2D,MTF,DBFTFB,400679
2022-04-27 08:37:22.038311,FR0014003513,Corporate bond,DIRECTION GENERALE DU TRESOR,0,2027-02-25,10000000,EUR,96.3,PERC,,FMTS,FMTS,MTS,1,D2D,MTF,DBFTFB,400648
2022-04-26 14:03:09.507404,FR0014003513,Corporate bond,DIRECTION GENERALE DU TRESOR,0,2027-02-25,10000000,EUR,96.16,PERC,,FMTS,FMTS,MTS,1,D2D,MTF,DBFTFB,402683
2022-04-26 14:03:09.474719,FR0014003513,Corporate bond,DIRECTION GENERALE DU TRESOR,0,2027-02-25,20000000,EUR,96.16,PERC,,FMTS,FMTS,MTS,1,D2D,MTF,DBFTFB,402682
2022-04-26 07:28:31.882905,FR0014003513,Corporate bond,DIRECTION GENERALE DU TRESOR,0,2027-02-25,10000000,EUR,96.11,PERC,,FMTS,FMTS,MTS,1,D2D,MTF,DBFTFB,400171
2022-04-26 07:28:31.851226,FR0014003513,Corporate bond,DIRECTION GENERALE DU TRESOR,0,2027-02-25,10000000,EUR,96.11,PERC,,FMTS,FMTS,MTS,1,D2D,MTF,DBFTFB,400170
2022-04-25 08:18:31.783071,FR0014003513,Corporate bond,DIRECTION GENERALE DU TRESOR,0,2027-02-25,10000000,EUR,95.84,PERC,,FMTS,FMTS,MTS,1,D2D,MTF,DBFTFB,400627
2022-04-25 08:18:31.755074,FR0014003513,Corporate bond,DIRECTION GENERALE DU TRESOR,0,2027-02-25,10000000,EUR,95.84,PERC,,FMTS,FMTS,MTS,1,D2D,MTF,DBFTFB,400626
2022-04-25 07:58:15.640540,FR0014003513,Corporate bond,DIRECTION GENERALE DU TRESOR,0,2027-02-25,10000000,EUR,95.89,PERC,,FMTS,FMTS,MTS,1,D2D,MTF,DBFTFB,400441
2022-04-25 07:58:15.599858,FR0014003513,Corporate bond,DIRECTION GENERALE DU TRESOR,0,2027-02-25,10000000,EUR,95.89,PERC,,FMTS,FMTS,MTS,1,D2D,MTF,DBFTFB,400440
2022-04-22 13:33:29.354821,FR0014003513,Corporate bond,DIRECTION GENERALE DU TRESOR,0,2027-02-25,10000000,EUR,95.58,PERC,,FMTS,FMTS,MTS,1,D2D,MTF,DBFTFB,403271
2022-04-22 13:12:04.595780,FR0014003513,Corporate bond,DIRECTION GENERALE DU TRESOR,0,2027-02-25,5000000,EUR,95.62,PERC,,FMTS,FMTS,MTS,1,D2D,MTF,DBFTFB,403119
2022-04-22 07:15:01.010712,FR0014003513,Corporate bond,DIRECTION GENERALE DU TRESOR,0,2027-02-25,5000000,EUR,95.77,PERC,,FMTS,FMTS,MTS,1,D2D,MTF,DBFTFB,400140
2022-04-21 13:12:25.234602,FR0014003513,Corporate bond,DIRECTION GENERALE DU TRESOR,0,2027-02-25,10000000,EUR,96.04,PERC,,FMTS,FMTS,MTS,1,D2D,MTF,DBFTFB,402201
2022-04-21 13:12:25.225801,FR0014003513,Corporate bond,DIRECTION GENERALE DU TRESOR,0,2027-02-25,10000000,EUR,96.04,PERC,,FMTS,FMTS,MTS,1,D2D,MTF,DBFTFB,402200
2022-04-21 13:12:25.219106,FR0014003513,Corporate bond,DIRECTION GENERALE DU TRESOR,0,2027-02-25,10000000,EUR,96.04,PERC,,FMTS,FMTS,MTS,1,D2D,MTF,DBFTFB,402199
2022-04-21 09:39:58.829359,FR0014003513,Corporate bond,DIRECTION GENERALE DU TRESOR,0,2027-02-25,10000000,EUR,95.94,PERC,,FMTS,FMTS,MTS,1,D2D,MTF,DBFTFB,401001
2022-04-21 09:28:16.936149,FR0014003513,Corporate bond,DIRECTION GENERALE DU TRESOR,0,2027-02-25,10000000,EUR,95.89,PERC,,FMTS,FMTS,MTS,1,D2D,MTF,DBFTFB,400947
2022-04-21 08:18:29.309779,FR0014003513,Corporate bond,DIRECTION GENERALE DU TRESOR,0,2027-02-25,10000000,EUR,95.85,PERC,,FMTS,FMTS,MTS,1,D2D,MTF,DBFTFB,400479
2022-04-21 08:18:21.398954,FR0014003513,Corporate bond,DIRECTION GENERALE DU TRESOR,0,2027-02-25,10000000,EUR,95.85,PERC,,FMTS,FMTS,MTS,1,D2D,MTF,DBFTFB,400478
2022-04-21 08:18:02.629691,FR0014003513,Corporate bond,DIRECTION GENERALE DU TRESOR,0,2027-02-25,10000000,EUR,95.87,PERC,,FMTS,FMTS,MTS,1,D2D,MTF,DBFTFB,400476
2022-04-21 08:17:57.312091,FR0014003513,Corporate bond,DIRECTION GENERALE DU TRESOR,0,2027-02-25,10000000,EUR,95.86,PERC,,FMTS,FMTS,MTS,1,D2D,MTF,DBFTFB,400475
2022-04-21 08:17:46.410786,FR0014003513,Corporate bond,DIRECTION GENERALE DU TRESOR,0,2027-02-25,10000000,EUR,95.86,PERC,,FMTS,FMTS,MTS,1,D2D,MTF,DBFTFB,400474
2022-04-20 11:18:54.805434,FR0014003513,Corporate bond,DIRECTION GENERALE DU TRESOR,0,2027-02-25,10000000,EUR,96.28,PERC,,FMTS,FMTS,MTS,1,D2D,MTF,DBFTFB,402212
2022-04-19 08:52:34.827971,FR0014003513,Corporate bond,DIRECTION GENERALE DU TRESOR,0,2027-02-25,10000000,EUR,95.97,PERC,,FMTS,FMTS,MTS,1,D2D,MTF,DBFTFB,400519
2022-04-14 14:41:43.342578,FR0014003513,Corporate bond,DIRECTION GENERALE DU TRESOR,0,2027-02-25,10000000,EUR,96.23,PERC,,FMTS,FMTS,MTS,1,D2D,MTF,DBFTFB,401752
2022-04-12 14:15:53.985719,FR0014003513,Corporate bond,DIRECTION GENERALE DU TRESOR,0,2027-02-25,10000000,EUR,96.21,PERC,,FMTS,FMTS,MTS,1,D2D,MTF,DBFTFB,403130
2022-04-12 14:13:28.097992,FR0014003513,Corporate bond,DIRECTION GENERALE DU TRESOR,0,2027-02-25,10000000,EUR,96.21,PERC,,FMTS,FMTS,MTS,1,D2D,MTF,DBFTFB,403121
2022-04-12 14:00:44.531099,FR0014003513,Corporate bond,DIRECTION GENERALE DU TRESOR,0,2027-02-25,10000000,EUR,96.17,PERC,,FMTS,FMTS,MTS,1,D2D,MTF,DBFTFB,403083
2022-04-12 13:59:14.372974,FR0014003513,Corporate bond,DIRECTION GENERALE DU TRESOR,0,2027-02-25,10000000,EUR,96.19,PERC,,FMTS,FMTS,MTS,1,D2D,MTF,DBFTFB,403076
2022-04-12 11:31:00.759666,FR0014003513,Corporate bond,DIRECTION GENERALE DU TRESOR,0,2027-02-25,10000000,EUR,95.95,PERC,,FMTS,FMTS,MTS,1,D2D,MTF,DBFTFB,402160
2022-04-12 09:32:10.307974,FR0014003513,Corporate bond,DIRECTION GENERALE DU TRESOR,0,2027-02-25,10000000,EUR,95.79,PERC,,FMTS,FMTS,MTS,1,D2D,MTF,DBFTFB,401511
2022-04-11 13:26:51.790298,FR0014003513,Corporate bond,DIRECTION GENERALE DU TRESOR,0,2027-02-25,10000000,EUR,96.03,PERC,,FMTS,FMTS,MTS,1,D2D,MTF,DBFTFB,402476
2022-04-11 12:21:11.071856,FR0014003513,Corporate bond,DIRECTION GENERALE DU TRESOR,0,2027-02-25,10000000,EUR,95.97,PERC,,FMTS,FMTS,MTS,1,D2D,MTF,DBFTFB,402158
2022-04-08 14:37:40.342375,FR0014003513,Corporate bond,DIRECTION GENERALE DU TRESOR,0,2027-02-25,10000000,EUR,96.18,PERC,,FMTS,FMTS,MTS,1,D2D,MTF,DBFTFB,402407
2022-04-08 14:34:59.296651,FR0014003513,Corporate bond,DIRECTION GENERALE DU TRESOR,0,2027-02-25,10000000,EUR,96.22,PERC,,FMTS,FMTS,MTS,1,D2D,MTF,DBFTFB,402401
2022-04-08 14:04:32.863307,FR0014003513,Corporate bond,DIRECTION GENERALE DU TRESOR,0,2027-02-25,10000000,EUR,96.23,PERC,,FMTS,FMTS,MTS,1,D2D,MTF,DBFTFB,402217
2022-04-08 14:04:05.161484,FR0014003513,Corporate bond,DIRECTION GENERALE DU TRESOR,0,2027-02-25,10000000,EUR,96.23,PERC,,FMTS,FMTS,MTS,1,D2D,MTF,DBFTFB,402207
2022-04-08 13:59:38.655671,FR0014003513,Corporate bond,DIRECTION GENERALE DU TRESOR,0,2027-02-25,10000000,EUR,96.25,PERC,,FMTS,FMTS,MTS,1,D2D,MTF,DBFTFB,402156
2022-04-08 13:49:48.970219,FR0014003513,Corporate bond,DIRECTION GENERALE DU TRESOR,0,2027-02-25,10000000,EUR,96.17,PERC,,FMTS,FMTS,MTS,1,D2D,MTF,DBFTFB,402085
2022-04-08 13:27:43.210745,FR0014003513,Corporate bond,DIRECTION GENERALE DU TRESOR,0,2027-02-25,10000000,EUR,96.15,PERC,,FMTS,FMTS,MTS,1,D2D,MTF,DBFTFB,401998
2022-04-08 12:40:30.701897,FR0014003513,Corporate bond,DIRECTION GENERALE DU TRESOR,0,2027-02-25,10000000,EUR,96.23,PERC,,FMTS,FMTS,MTS,1,D2D,MTF,DBFTFB,401645
2022-04-08 11:01:47.814525,FR0014003513,Corporate bond,DIRECTION GENERALE DU TRESOR,0,2027-02-25,10000000,EUR,96.29,PERC,,FMTS,FMTS,MTS,1,D2D,MTF,DBFTFB,401123
2022-04-07 14:26:12.142066,FR0014003513,Corporate bond,DIRECTION GENERALE DU TRESOR,0,2027-02-25,10000000,EUR,96.39,PERC,,FMTS,FMTS,MTS,1,D2D,MTF,DBFTFB,402984
2022-04-07 08:46:21.319158,FR0014003513,Corporate bond,DIRECTION GENERALE DU TRESOR,0,2027-02-25,10000000,EUR,96.75,PERC,,FMTS,FMTS,MTS,1,D2D,MTF,DBFTFB,400595
2022-04-07 08:31:58.079929,FR0014003513,Corporate bond,DIRECTION GENERALE DU TRESOR,0,2027-02-25,10000000,EUR,96.74,PERC,,FMTS,FMTS,MTS,1,D2D,MTF,DBFTFB,400451
2022-04-07 08:27:27.032610,FR0014003513,Corporate bond,DIRECTION GENERALE DU TRESOR,0,2027-02-25,10000000,EUR,96.77,PERC,,FMTS,FMTS,MTS,1,D2D,MTF,DBFTFB,400424
2022-04-07 08:27:22.981760,FR0014003513,Corporate bond,DIRECTION GENERALE DU TRESOR,0,2027-02-25,10000000,EUR,96.77,PERC,,FMTS,FMTS,MTS,1,D2D,MTF,DBFTFB,400423
2022-04-06 13:53:07.869235,FR0014003513,Corporate bond,DIRECTION GENERALE DU TRESOR,0,2027-02-25,10000000,EUR,96.46,PERC,,FMTS,FMTS,MTS,1,D2D,MTF,DBFTFB,402761
2022-04-06 13:52:21.348419,FR0014003513,Corporate bond,DIRECTION GENERALE DU TRESOR,0,2027-02-25,10000000,EUR,96.5,PERC,,FMTS,FMTS,MTS,1,D2D,MTF,DBFTFB,402716
2022-04-06 13:52:03.626628,FR0014003513,Corporate bond,DIRECTION GENERALE DU TRESOR,0,2027-02-25,10000000,EUR,96.5,PERC,,FMTS,FMTS,MTS,1,D2D,MTF,DBFTFB,402715
2022-04-06 13:52:03.615417,FR0014003513,Corporate bond,DIRECTION GENERALE DU TRESOR,0,2027-02-25,10000000,EUR,96.48,PERC,,FMTS,FMTS,MTS,1,D2D,MTF,DBFTFB,402713
2022-04-06 13:52:03.605775,FR0014003513,Corporate bond,DIRECTION GENERALE DU TRESOR,0,2027-02-25,10000000,EUR,96.47,PERC,,FMTS,FMTS,MTS,1,D2D,MTF,DBFTFB,402712
2022-04-06 13:52:03.595096,FR0014003513,Corporate bond,DIRECTION GENERALE DU TRESOR,0,2027-02-25,10000000,EUR,96.47,PERC,,FMTS,FMTS,MTS,1,D2D,MTF,DBFTFB,402709
2022-04-06 07:00:17.054990,FR0014003513,Corporate bond,DIRECTION GENERALE DU TRESOR,0,2027-02-25,10000000,EUR,96.55,PERC,,FMTS,FMTS,MTS,1,D2D,MTF,DBFTFB,400044
2022-04-06 06:56:08.067637,FR0014003513,Corporate bond,DIRECTION GENERALE DU TRESOR,0,2027-02-25,10000000,EUR,96.52,PERC,,FMTS,FMTS,MTS,1,D2D,MTF,DBFTFB,400042
2022-04-05 13:25:37.776555,FR0014003513,Corporate bond,DIRECTION GENERALE DU TRESOR,0,2027-02-25,6000000,EUR,96.77,PERC,,FMTS,FMTS,MTS,1,D2D,MTF,DBFTFB,402914
2022-04-05 09:54:17.603489,FR0014003513,Corporate bond,DIRECTION GENERALE DU TRESOR,0,2027-02-25,10000000,EUR,96.8,PERC,,FMTS,FMTS,MTS,1,D2D,MTF,DBFTFB,401450
2022-04-05 09:54:17.594200,FR0014003513,Corporate bond,DIRECTION GENERALE DU TRESOR,0,2027-02-25,10000000,EUR,96.8,PERC,,FMTS,FMTS,MTS,1,D2D,MTF,DBFTFB,401449
2022-04-04 14:57:57.778110,FR0014003513,Corporate bond,DIRECTION GENERALE DU TRESOR,0,2027-02-25,10000000,EUR,97.17,PERC,,FMTS,FMTS,MTS,1,D2D,MTF,DBFTFB,402371
2022-04-01 07:47:00.967872,FR0014003513,Corporate bond,DIRECTION GENERALE DU TRESOR,0,2027-02-25,10000000,EUR,96.91,PERC,,FMTS,FMTS,MTS,1,D2D,MTF,DBFTFB,400227
2022-03-24 15:30:48.405135,FR0014003513,Corporate bond,DIRECTION GENERALE DU TRESOR,0,2027-02-25,10000000,EUR,97.73,PERC,,FMTS,FMTS,MTS,1,D2D,MTF,DBFTFB,402407
2022-03-24 13:49:39.676456,FR0014003513,Corporate bond,DIRECTION GENERALE DU TRESOR,0,2027-02-25,5000000,EUR,97.79,PERC,,FMTS,FMTS,MTS,1,D2D,MTF,DBFTFB,401840
2022-03-24 13:24:04.309785,FR0014003513,Corporate bond,DIRECTION GENERALE DU TRESOR,0,2027-02-25,10000000,EUR,97.77,PERC,,FMTS,FMTS,MTS,1,D2D,MTF,DBFTFB,401729
2022-03-24 08:48:53.630583,FR0014003513,Corporate bond,DIRECTION GENERALE DU TRESOR,0,2027-02-25,10000000,EUR,97.94,PERC,,FMTS,FMTS,MTS,1,D2D,MTF,DBFTFB,400348
2022-03-24 08:18:35.214592,FR0014003513,Corporate bond,DIRECTION GENERALE DU TRESOR,0,2027-02-25,10000000,EUR,98.06,PERC,,FMTS,FMTS,MTS,1,D2D,MTF,DBFTFB,400102
2022-03-23 12:56:40.927931,FR0014003513,Corporate bond,DIRECTION GENERALE DU TRESOR,0,2027-02-25,10000000,EUR,97.95,PERC,,FMTS,FMTS,MTS,1,D2D,MTF,DBFTFB,401576
2022-03-23 12:50:00.391937,FR0014003513,Corporate bond,DIRECTION GENERALE DU TRESOR,0,2027-02-25,10000000,EUR,97.95,PERC,,FMTS,FMTS,MTS,1,D2D,MTF,DBFTFB,401527
2022-03-23 10:17:18.969173,FR0014003513,Corporate bond,DIRECTION GENERALE DU TRESOR,0,2027-02-25,10000000,EUR,98.05,PERC,,FMTS,FMTS,MTS,1,D2D,MTF,DBFTFB,400711
2022-03-23 10:16:44.046572,FR0014003513,Corporate bond,DIRECTION GENERALE DU TRESOR,0,2027-02-25,10000000,EUR,98.05,PERC,,FMTS,FMTS,MTS,1,D2D,MTF,DBFTFB,400704
2022-03-22 14:54:27.860786,FR0014003513,Corporate bond,DIRECTION GENERALE DU TRESOR,0,2027-02-25,10000000,EUR,97.81,PERC,,FMTS,FMTS,MTS,1,D2D,MTF,DBFTFB,402323
2022-03-22 13:10:34.387097,FR0014003513,Corporate bond,DIRECTION GENERALE DU TRESOR,0,2027-02-25,10000000,EUR,97.79,PERC,,FMTS,FMTS,MTS,1,D2D,MTF,DBFTFB,401587
2022-03-22 11:24:22.209267,FR0014003513,Corporate bond,DIRECTION GENERALE DU TRESOR,0,2027-02-25,10000000,EUR,97.94,PERC,,FMTS,FMTS,MTS,1,D2D,MTF,DBFTFB,401156
2022-03-18 10:27:07.594605,FR0014003513,Corporate bond,DIRECTION GENERALE DU TRESOR,0,2027-02-25,10000000,EUR,98.63,PERC,,FMTS,FMTS,MTS,1,D2D,MTF,DBFTFB,400409
2022-03-17 13:48:36.216666,FR0014003513,Corporate bond,DIRECTION GENERALE DU TRESOR,0,2027-02-25,10000000,EUR,98.43,PERC,,FMTS,FMTS,MTS,1,D2D,MTF,DBFTFB,401779
2022-03-17 12:00:00.497741,FR0014003513,Corporate bond,DIRECTION GENERALE DU TRESOR,0,2027-02-25,5000000,EUR,98.45,PERC,,FMTS,FMTS,MTS,1,D2D,MTF,DBFTFB,401509
2022-03-17 09:15:49.984716,FR0014003513,Corporate bond,DIRECTION GENERALE DU TRESOR,0,2027-02-25,10000000,EUR,98.46,PERC,,FMTS,FMTS,MTS,1,D2D,MTF,DBFTFB,400396
2022-03-17 09:15:19.564102,FR0014003513,Corporate bond,DIRECTION GENERALE DU TRESOR,0,2027-02-25,10000000,EUR,98.45,PERC,,FMTS,FMTS,MTS,1,D2D,MTF,DBFTFB,400394
2022-03-17 09:12:24.977713,FR0014003513,Corporate bond,DIRECTION GENERALE DU TRESOR,0,2027-02-25,10000000,EUR,98.48,PERC,,FMTS,FMTS,MTS,1,D2D,MTF,DBFTFB,400385
2022-03-17 09:12:02.387138,FR0014003513,Corporate bond,DIRECTION GENERALE DU TRESOR,0,2027-02-25,10000000,EUR,98.48,PERC,,FMTS,FMTS,MTS,1,D2D,MTF,DBFTFB,400383
2022-03-17 09:10:59.036866,FR0014003513,Corporate bond,DIRECTION GENERALE DU TRESOR,0,2027-02-25,10000000,EUR,98.48,PERC,,FMTS,FMTS,MTS,1,D2D,MTF,DBFTFB,400378
2022-03-17 09:10:49.374922,FR0014003513,Corporate bond,DIRECTION GENERALE DU TRESOR,0,2027-02-25,10000000,EUR,98.48,PERC,,FMTS,FMTS,MTS,1,D2D,MTF,DBFTFB,400377
2022-03-17 08:56:37.530734,FR0014003513,Corporate bond,DIRECTION GENERALE DU TRESOR,0,2027-02-25,10000000,EUR,98.48,PERC,,FMTS,FMTS,MTS,1,D2D,MTF,DBFTFB,400297
2022-03-17 08:55:32.235438,FR0014003513,Corporate bond,DIRECTION GENERALE DU TRESOR,0,2027-02-25,10000000,EUR,98.48,PERC,,FMTS,FMTS,MTS,1,D2D,MTF,DBFTFB,400296
2022-03-17 08:55:01.081721,FR0014003513,Corporate bond,DIRECTION GENERALE DU TRESOR,0,2027-02-25,10000000,EUR,98.49,PERC,,FMTS,FMTS,MTS,1,D2D,MTF,DBFTFB,400292
2022-03-17 08:39:50.466614,FR0014003513,Corporate bond,DIRECTION GENERALE DU TRESOR,0,2027-02-25,10000000,EUR,98.39,PERC,,FMTS,FMTS,MTS,1,D2D,MTF,DBFTFB,400230
2022-03-17 08:30:09.051410,FR0014003513,Corporate bond,DIRECTION GENERALE DU TRESOR,0,2027-02-25,10000000,EUR,98.41,PERC,,FMTS,FMTS,MTS,1,D2D,MTF,DBFTFB,400181
2022-03-17 08:30:09.036622,FR0014003513,Corporate bond,DIRECTION GENERALE DU TRESOR,0,2027-02-25,10000000,EUR,98.41,PERC,,FMTS,FMTS,MTS,1,D2D,MTF,DBFTFB,400180
2022-03-17 08:27:34.986747,FR0014003513,Corporate bond,DIRECTION GENERALE DU TRESOR,0,2027-02-25,10000000,EUR,98.4,PERC,,FMTS,FMTS,MTS,1,D2D,MTF,DBFTFB,400169
2022-03-17 08:27:34.978129,FR0014003513,Corporate bond,DIRECTION GENERALE DU TRESOR,0,2027-02-25,10000000,EUR,98.4,PERC,,FMTS,FMTS,MTS,1,D2D,MTF,DBFTFB,400168
2022-03-17 08:26:54.787652,FR0014003513,Corporate bond,DIRECTION GENERALE DU TRESOR,0,2027-02-25,10000000,EUR,98.38,PERC,,FMTS,FMTS,MTS,1,D2D,MTF,DBFTFB,400167
2022-03-17 08:09:18.431991,FR0014003513,Corporate bond,DIRECTION GENERALE DU TRESOR,0,2027-02-25,10000000,EUR,98.39,PERC,,FMTS,FMTS,MTS,1,D2D,MTF,DBFTFB,400099
2022-03-16 16:11:05.885506,FR0014003513,Corporate bond,DIRECTION GENERALE DU TRESOR,0,2027-02-25,10000000,EUR,98.54,PERC,,FMTS,FMTS,MTS,1,D2D,MTF,DBFTFB,402485
2022-03-16 12:45:29.126734,FR0014003513,Corporate bond,DIRECTION GENERALE DU TRESOR,0,2027-02-25,10000000,EUR,98.64,PERC,,FMTS,FMTS,MTS,1,D2D,MTF,DBFTFB,401470
2022-03-16 09:49:48.975088,FR0014003513,Corporate bond,DIRECTION GENERALE DU TRESOR,0,2027-02-25,10000000,EUR,98.65,PERC,,FMTS,FMTS,MTS,1,D2D,MTF,DBFTFB,400481
2022-03-15 14:06:59.802406,FR0014003513,Corporate bond,DIRECTION GENERALE DU TRESOR,0,2027-02-25,10000000,EUR,98.81,PERC,,FMTS,FMTS,MTS,1,D2D,MTF,DBFTFB,402363
2022-03-15 13:10:39.191766,FR0014003513,Corporate bond,DIRECTION GENERALE DU TRESOR,0,2027-02-25,10000000,EUR,98.74,PERC,,FMTS,FMTS,MTS,1,D2D,MTF,DBFTFB,401885
2022-03-15 12:26:23.263674,FR0014003513,Corporate bond,DIRECTION GENERALE DU TRESOR,0,2027-02-25,10000000,EUR,98.68,PERC,,FMTS,FMTS,MTS,1,D2D,MTF,DBFTFB,401624
2022-03-15 12:21:41.344180,FR0014003513,Corporate bond,DIRECTION GENERALE DU TRESOR,0,2027-02-25,10000000,EUR,98.65,PERC,,FMTS,FMTS,MTS,1,D2D,MTF,DBFTFB,401608
2022-03-15 10:45:00.848004,FR0014003513,Corporate bond,DIRECTION GENERALE DU TRESOR,0,2027-02-25,10000000,EUR,98.61,PERC,,FMTS,FMTS,MTS,1,D2D,MTF,DBFTFB,401131
2022-03-15 10:39:54.386971,FR0014003513,Corporate bond,DIRECTION GENERALE DU TRESOR,0,2027-02-25,10000000,EUR,98.6,PERC,,FMTS,FMTS,MTS,1,D2D,MTF,DBFTFB,401087
2022-03-15 09:37:13.191894,FR0014003513,Corporate bond,DIRECTION GENERALE DU TRESOR,0,2027-02-25,10000000,EUR,98.65,PERC,,FMTS,FMTS,MTS,1,D2D,MTF,DBFTFB,400695
2022-03-15 09:15:31.011946,FR0014003513,Corporate bond,DIRECTION GENERALE DU TRESOR,0,2027-02-25,10000000,EUR,98.67,PERC,,FMTS,FMTS,MTS,1,D2D,MTF,DBFTFB,400530
2022-03-14 12:24:15.398741,FR0014003513,Corporate bond,DIRECTION GENERALE DU TRESOR,0,2027-02-25,9000000,EUR,98.64,PERC,,FMTS,FMTS,MTS,1,D2D,MTF,DBFTFB,401181
2022-03-11 16:15:26.595426,FR0014003513,Corporate bond,DIRECTION GENERALE DU TRESOR,0,2027-02-25,10000000,EUR,98.84,PERC,,FMTS,FMTS,MTS,1,D2D,MTF,DBFTFB,402905
2022-03-11 14:16:08.284373,FR0014003513,Corporate bond,DIRECTION GENERALE DU TRESOR,0,2027-02-25,10000000,EUR,98.72,PERC,,FMTS,FMTS,MTS,1,D2D,MTF,DBFTFB,402119
2022-03-11 14:16:00.930115,FR0014003513,Corporate bond,DIRECTION GENERALE DU TRESOR,0,2027-02-25,10000000,EUR,98.72,PERC,,FMTS,FMTS,MTS,1,D2D,MTF,DBFTFB,402117
2022-03-11 13:51:16.299792,FR0014003513,Corporate bond,DIRECTION GENERALE DU TRESOR,0,2027-02-25,10000000,EUR,98.75,PERC,,FMTS,FMTS,MTS,1,D2D,MTF,DBFTFB,401879
2022-03-11 13:45:40.379416,FR0014003513,Corporate bond,DIRECTION GENERALE DU TRESOR,0,2027-02-25,10000000,EUR,98.72,PERC,,FMTS,FMTS,MTS,1,D2D,MTF,DBFTFB,401855
2022-03-11 13:45:04.758391,FR0014003513,Corporate bond,DIRECTION GENERALE DU TRESOR,0,2027-02-25,10000000,EUR,98.72,PERC,,FMTS,FMTS,MTS,1,D2D,MTF,DBFTFB,401854
2022-03-11 13:23:21.203317,FR0014003513,Corporate bond,DIRECTION GENERALE DU TRESOR,0,2027-02-25,10000000,EUR,98.76,PERC,,FMTS,FMTS,MTS,1,D2D,MTF,DBFTFB,401785
2022-03-11 13:11:52.242749,FR0014003513,Corporate bond,DIRECTION GENERALE DU TRESOR,0,2027-02-25,10000000,EUR,98.75,PERC,,FMTS,FMTS,MTS,1,D2D,MTF,DBFTFB,401747
2022-03-11 13:06:14.777983,FR0014003513,Corporate bond,DIRECTION GENERALE DU TRESOR,0,2027-02-25,10000000,EUR,98.74,PERC,,FMTS,FMTS,MTS,1,D2D,MTF,DBFTFB,401728
2022-03-11 12:55:42.342358,FR0014003513,Corporate bond,DIRECTION GENERALE DU TRESOR,0,2027-02-25,10000000,EUR,98.73,PERC,,FMTS,FMTS,MTS,1,D2D,MTF,DBFTFB,401687
2022-03-11 12:55:26.241940,FR0014003513,Corporate bond,DIRECTION GENERALE DU TRESOR,0,2027-02-25,10000000,EUR,98.73,PERC,,FMTS,FMTS,MTS,1,D2D,MTF,DBFTFB,401686
2022-03-11 12:55:26.229691,FR0014003513,Corporate bond,DIRECTION GENERALE DU TRESOR,0,2027-02-25,10000000,EUR,98.73,PERC,,FMTS,FMTS,MTS,1,D2D,MTF,DBFTFB,401685
2022-03-11 12:55:12.939297,FR0014003513,Corporate bond,DIRECTION GENERALE DU TRESOR,0,2027-02-25,10000000,EUR,98.73,PERC,,FMTS,FMTS,MTS,1,D2D,MTF,DBFTFB,401684
2022-03-11 12:55:12.925601,FR0014003513,Corporate bond,DIRECTION GENERALE DU TRESOR,0,2027-02-25,10000000,EUR,98.73,PERC,,FMTS,FMTS,MTS,1,D2D,MTF,DBFTFB,401683
2022-03-11 12:51:47.942812,FR0014003513,Corporate bond,DIRECTION GENERALE DU TRESOR,0,2027-02-25,5000000,EUR,98.72,PERC,,FMTS,FMTS,MTS,1,D2D,MTF,DBFTFB,401671
2022-03-11 12:51:44.122706,FR0014003513,Corporate bond,DIRECTION GENERALE DU TRESOR,0,2027-02-25,5000000,EUR,98.72,PERC,,FMTS,FMTS,MTS,1,D2D,MTF,DBFTFB,401669
2022-03-11 12:49:27.760332,FR0014003513,Corporate bond,DIRECTION GENERALE DU TRESOR,0,2027-02-25,10000000,EUR,98.69,PERC,,FMTS,FMTS,MTS,1,D2D,MTF,DBFTFB,401662
2022-03-11 12:48:46.261258,FR0014003513,Corporate bond,DIRECTION GENERALE DU TRESOR,0,2027-02-25,10000000,EUR,98.69,PERC,,FMTS,FMTS,MTS,1,D2D,MTF,DBFTFB,401661
2022-03-11 12:43:31.019962,FR0014003513,Corporate bond,DIRECTION GENERALE DU TRESOR,0,2027-02-25,10000000,EUR,98.74,PERC,,FMTS,FMTS,MTS,1,D2D,MTF,DBFTFB,401657
2022-03-11 12:43:10.857801,FR0014003513,Corporate bond,DIRECTION GENERALE DU TRESOR,0,2027-02-25,10000000,EUR,98.74,PERC,,FMTS,FMTS,MTS,1,D2D,MTF,DBFTFB,401655
2022-03-11 12:42:07.506254,FR0014003513,Corporate bond,DIRECTION GENERALE DU TRESOR,0,2027-02-25,10000000,EUR,98.74,PERC,,FMTS,FMTS,MTS,1,D2D,MTF,DBFTFB,401654
2022-03-11 12:40:52.415295,FR0014003513,Corporate bond,DIRECTION GENERALE DU TRESOR,0,2027-02-25,10000000,EUR,98.75,PERC,,FMTS,FMTS,MTS,1,D2D,MTF,DBFTFB,401653
2022-03-11 12:30:38.916794,FR0014003513,Corporate bond,DIRECTION GENERALE DU TRESOR,0,2027-02-25,10000000,EUR,98.72,PERC,,FMTS,FMTS,MTS,1,D2D,MTF,DBFTFB,401589
2022-03-10 16:19:50.228733,FR0014003513,Corporate bond,DIRECTION GENERALE DU TRESOR,0,2027-02-25,10000000,EUR,98.96,PERC,,FMTS,FMTS,MTS,1,D2D,MTF,DBFTFB,402400
2022-03-10 15:16:59.293729,FR0014003513,Corporate bond,DIRECTION GENERALE DU TRESOR,0,2027-02-25,10000000,EUR,98.96,PERC,,FMTS,FMTS,MTS,1,D2D,MTF,DBFTFB,402153
2022-03-10 15:03:50.152040,FR0014003513,Corporate bond,DIRECTION GENERALE DU TRESOR,0,2027-02-25,10000000,EUR,98.96,PERC,,FMTS,FMTS,MTS,1,D2D,MTF,DBFTFB,402085
2022-03-10 12:11:53.296556,FR0014003513,Corporate bond,DIRECTION GENERALE DU TRESOR,0,2027-02-25,10000000,EUR,99.67,PERC,,FMTS,FMTS,MTS,1,D2D,MTF,DBFTFB,401741
2022-03-10 09:54:28.596852,FR0014003513,Corporate bond,DIRECTION GENERALE DU TRESOR,0,2027-02-25,5000000,EUR,99.81,PERC,,FMTS,FMTS,MTS,1,D2D,MTF,DBFTFB,401071
2022-03-09 15:22:03.148885,FR0014003513,Corporate bond,DIRECTION GENERALE DU TRESOR,0,2027-02-25,10000000,EUR,99.72,PERC,,FMTS,FMTS,MTS,1,D2D,MTF,DBFTFB,402679
2022-03-09 14:44:22.502294,FR0014003513,Corporate bond,DIRECTION GENERALE DU TRESOR,0,2027-02-25,10000000,EUR,99.73,PERC,,FMTS,FMTS,MTS,1,D2D,MTF,DBFTFB,402431
2022-03-09 14:12:18.079710,FR0014003513,Corporate bond,DIRECTION GENERALE DU TRESOR,0,2027-02-25,10000000,EUR,99.76,PERC,,FMTS,FMTS,MTS,1,D2D,MTF,DBFTFB,402187
2022-03-09 08:40:03.929799,FR0014003513,Corporate bond,DIRECTION GENERALE DU TRESOR,0,2027-02-25,9000000,EUR,100.13,PERC,,FMTS,FMTS,MTS,1,D2D,MTF,DBFTFB,400242
2022-03-09 08:39:49.865401,FR0014003513,Corporate bond,DIRECTION GENERALE DU TRESOR,0,2027-02-25,10000000,EUR,100.13,PERC,,FMTS,FMTS,MTS,1,D2D,MTF,DBFTFB,400241
2022-03-08 15:19:08.467278,FR0014003513,Corporate bond,DIRECTION GENERALE DU TRESOR,0,2027-02-25,5000000,EUR,100.23,PERC,,FMTS,FMTS,MTS,1,D2D,MTF,DBFTFB,402326
2022-03-08 15:18:09.157993,FR0014003513,Corporate bond,DIRECTION GENERALE DU TRESOR,0,2027-02-25,5000000,EUR,100.17,PERC,,FMTS,FMTS,MTS,1,D2D,MTF,DBFTFB,402311
2022-03-08 13:23:47.780470,FR0014003513,Corporate bond,DIRECTION GENERALE DU TRESOR,0,2027-02-25,10000000,EUR,100.2,PERC,,FMTS,FMTS,MTS,1,D2D,MTF,DBFTFB,401487
2022-03-04 10:01:33.302076,FR0014003513,Corporate bond,DIRECTION GENERALE DU TRESOR,0,2027-02-25,10000000,EUR,100.56,PERC,,FMTS,FMTS,MTS,1,D2D,MTF,DBFTFB,400666
2022-03-02 16:16:57.727637,FR0014003513,Corporate bond,DIRECTION GENERALE DU TRESOR,0,2027-02-25,10000000,EUR,100.32,PERC,,FMTS,FMTS,MTS,1,D2D,MTF,DBFTFB,402887
2022-03-02 16:06:10.656019,FR0014003513,Corporate bond,DIRECTION GENERALE DU TRESOR,0,2027-02-25,10000000,EUR,100.33,PERC,,FMTS,FMTS,MTS,1,D2D,MTF,DBFTFB,402836
2022-03-02 15:05:07.380929,FR0014003513,Corporate bond,DIRECTION GENERALE DU TRESOR,0,2027-02-25,10000000,EUR,100.44,PERC,,FMTS,FMTS,MTS,1,D2D,MTF,DBFTFB,402281
2022-03-02 14:58:52.737589,FR0014003513,Corporate bond,DIRECTION GENERALE DU TRESOR,0,2027-02-25,10000000,EUR,100.47,PERC,,FMTS,FMTS,MTS,1,D2D,MTF,DBFTFB,402245
2022-03-02 12:20:55.948283,FR0014003513,Corporate bond,DIRECTION GENERALE DU TRESOR,0,2027-02-25,10000000,EUR,100.56,PERC,,FMTS,FMTS,MTS,1,D2D,MTF,DBFTFB,401324
2022-03-02 12:17:05.279527,FR0014003513,Corporate bond,DIRECTION GENERALE DU TRESOR,0,2027-02-25,10000000,EUR,100.59,PERC,,FMTS,FMTS,MTS,1,D2D,MTF,DBFTFB,401299
2022-03-02 12:11:12.816796,FR0014003513,Corporate bond,DIRECTION GENERALE DU TRESOR,0,2027-02-25,10000000,EUR,100.64,PERC,,FMTS,FMTS,MTS,1,D2D,MTF,DBFTFB,401257
2022-03-02 11:42:40.072129,FR0014003513,Corporate bond,DIRECTION GENERALE DU TRESOR,0,2027-02-25,10000000,EUR,100.73,PERC,,FMTS,FMTS,MTS,1,D2D,MTF,DBFTFB,401092
2022-03-02 11:41:31.060423,FR0014003513,Corporate bond,DIRECTION GENERALE DU TRESOR,0,2027-02-25,10000000,EUR,100.72,PERC,,FMTS,FMTS,MTS,1,D2D,MTF,DBFTFB,401090
2022-03-02 10:28:28.170514,FR0014003513,Corporate bond,DIRECTION GENERALE DU TRESOR,0,2027-02-25,10000000,EUR,100.81,PERC,,FMTS,FMTS,MTS,1,D2D,MTF,DBFTFB,400676
2022-03-02 09:05:25.955081,FR0014003513,Corporate bond,DIRECTION GENERALE DU TRESOR,0,2027-02-25,10000000,EUR,100.88,PERC,,FMTS,FMTS,MTS,1,D2D,MTF,DBFTFB,400376
2022-03-01 14:12:53.208395,FR0014003513,Corporate bond,DIRECTION GENERALE DU TRESOR,0,2027-02-25,10000000,EUR,100.81,PERC,,FMTS,FMTS,MTS,1,D2D,MTF,DBFTFB,402906
2022-03-01 14:11:33.967618,FR0014003513,Corporate bond,DIRECTION GENERALE DU TRESOR,0,2027-02-25,10000000,EUR,100.76,PERC,,FMTS,FMTS,MTS,1,D2D,MTF,DBFTFB,402892
2022-03-01 14:08:25.375558,FR0014003513,Corporate bond,DIRECTION GENERALE DU TRESOR,0,2027-02-25,10000000,EUR,100.69,PERC,,FMTS,FMTS,MTS,1,D2D,MTF,DBFTFB,402863
2022-03-01 14:07:37.590113,FR0014003513,Corporate bond,DIRECTION GENERALE DU TRESOR,0,2027-02-25,10000000,EUR,100.7,PERC,,FMTS,FMTS,MTS,1,D2D,MTF,DBFTFB,402842
2022-03-01 13:51:04.988814,FR0014003513,Corporate bond,DIRECTION GENERALE DU TRESOR,0,2027-02-25,10000000,EUR,100.6,PERC,,FMTS,FMTS,MTS,1,D2D,MTF,DBFTFB,402653
2022-03-01 13:39:31.861766,FR0014003513,Corporate bond,DIRECTION GENERALE DU TRESOR,0,2027-02-25,5000000,EUR,100.7,PERC,,FMTS,FMTS,MTS,1,D2D,MTF,DBFTFB,402627
2022-03-01 13:39:13.166904,FR0014003513,Corporate bond,DIRECTION GENERALE DU TRESOR,0,2027-02-25,10000000,EUR,100.7,PERC,,FMTS,FMTS,MTS,1,D2D,MTF,DBFTFB,402626
2022-03-01 13:34:54.295918,FR0014003513,Corporate bond,DIRECTION GENERALE DU TRESOR,0,2027-02-25,10000000,EUR,100.66,PERC,,FMTS,FMTS,MTS,1,D2D,MTF,DBFTFB,402619
2022-03-01 13:15:35.193968,FR0014003513,Corporate bond,DIRECTION GENERALE DU TRESOR,0,2027-02-25,10000000,EUR,100.73,PERC,,FMTS,FMTS,MTS,1,D2D,MTF,DBFTFB,402545
2022-03-01 12:56:17.050112,FR0014003513,Corporate bond,DIRECTION GENERALE DU TRESOR,0,2027-02-25,10000000,EUR,100.68,PERC,,FMTS,FMTS,MTS,1,D2D,MTF,DBFTFB,402495
2022-03-01 12:27:40.997992,FR0014003513,Corporate bond,DIRECTION GENERALE DU TRESOR,0,2027-02-25,5000000,EUR,100.76,PERC,,FMTS,FMTS,MTS,1,D2D,MTF,DBFTFB,402305
2022-03-01 12:04:31.850371,FR0014003513,Corporate bond,DIRECTION GENERALE DU TRESOR,0,2027-02-25,10000000,EUR,100.75,PERC,,FMTS,FMTS,MTS,1,D2D,MTF,DBFTFB,402005
2022-03-01 12:04:31.801183,FR0014003513,Corporate bond,DIRECTION GENERALE DU TRESOR,0,2027-02-25,10000000,EUR,100.75,PERC,,FMTS,FMTS,MTS,1,D2D,MTF,DBFTFB,402003
2022-03-01 12:04:31.771227,FR0014003513,Corporate bond,DIRECTION GENERALE DU TRESOR,0,2027-02-25,10000000,EUR,100.77,PERC,,FMTS,FMTS,MTS,1,D2D,MTF,DBFTFB,402002
2022-03-01 12:04:31.761759,FR0014003513,Corporate bond,DIRECTION GENERALE DU TRESOR,0,2027-02-25,10000000,EUR,100.78,PERC,,FMTS,FMTS,MTS,1,D2D,MTF,DBFTFB,402001
2022-03-01 11:26:16.312620,FR0014003513,Corporate bond,DIRECTION GENERALE DU TRESOR,0,2027-02-25,10000000,EUR,100.61,PERC,,FMTS,FMTS,MTS,1,D2D,MTF,DBFTFB,401575
2022-03-01 11:13:11.102187,FR0014003513,Corporate bond,DIRECTION GENERALE DU TRESOR,0,2027-02-25,10000000,EUR,100.69,PERC,,FMTS,FMTS,MTS,1,D2D,MTF,DBFTFB,401462
2022-03-01 11:08:16.997228,FR0014003513,Corporate bond,DIRECTION GENERALE DU TRESOR,0,2027-02-25,10000000,EUR,100.67,PERC,,FMTS,FMTS,MTS,1,D2D,MTF,DBFTFB,401442
2022-03-01 11:03:27.526879,FR0014003513,Corporate bond,DIRECTION GENERALE DU TRESOR,0,2027-02-25,10000000,EUR,100.68,PERC,,FMTS,FMTS,MTS,1,D2D,MTF,DBFTFB,401400
2022-03-01 10:17:01.031411,FR0014003513,Corporate bond,DIRECTION GENERALE DU TRESOR,0,2027-02-25,10000000,EUR,100.45,PERC,,FMTS,FMTS,MTS,1,D2D,MTF,DBFTFB,401076
2022-03-01 09:42:17.051164,FR0014003513,Corporate bond,DIRECTION GENERALE DU TRESOR,0,2027-02-25,10000000,EUR,100.35,PERC,,FMTS,FMTS,MTS,1,D2D,MTF,DBFTFB,400766
2022-03-01 09:37:37.830091,FR0014003513,Corporate bond,DIRECTION GENERALE DU TRESOR,0,2027-02-25,10000000,EUR,100.32,PERC,,FMTS,FMTS,MTS,1,D2D,MTF,DBFTFB,400739
2022-03-01 09:28:11.430098,FR0014003513,Corporate bond,DIRECTION GENERALE DU TRESOR,0,2027-02-25,10000000,EUR,100.14,PERC,,FMTS,FMTS,MTS,1,D2D,MTF,DBFTFB,400667
2022-03-01 09:21:31.481651,FR0014003513,Corporate bond,DIRECTION GENERALE DU TRESOR,0,2027-02-25,10000000,EUR,100.03,PERC,,FMTS,FMTS,MTS,1,D2D,MTF,DBFTFB,400598
2022-03-01 09:20:47.561269,FR0014003513,Corporate bond,DIRECTION GENERALE DU TRESOR,0,2027-02-25,10000000,EUR,100.04,PERC,,FMTS,FMTS,MTS,1,D2D,MTF,DBFTFB,400593
2022-03-01 08:45:06.232728,FR0014003513,Corporate bond,DIRECTION GENERALE DU TRESOR,0,2027-02-25,10000000,EUR,100,PERC,,FMTS,FMTS,MTS,1,D2D,MTF,DBFTFB,400369
2022-02-28 16:07:36.450578,FR0014003513,Corporate bond,DIRECTION GENERALE DU TRESOR,0,2027-02-25,10000000,EUR,99.51,PERC,,FMTS,FMTS,MTS,1,D2D,MTF,DBFTFB,402661
2022-02-25 12:35:31.542315,FR0014003513,Corporate bond,DIRECTION GENERALE DU TRESOR,0,2027-02-25,10000000,EUR,99.07,PERC,,FMTS,FMTS,MTS,1,D2D,MTF,DBFTFB,401293
2022-02-24 10:20:01.084243,FR0014003513,Corporate bond,DIRECTION GENERALE DU TRESOR,0,2027-02-25,5000000,EUR,99.21,PERC,,FMTS,FMTS,MTS,1,D2D,MTF,DBFTFB,400510
2022-02-23 12:08:07.251177,FR0014003513,Corporate bond,DIRECTION GENERALE DU TRESOR,0,2027-02-25,10000000,EUR,98.77,PERC,,FMTS,FMTS,MTS,1,D2D,MTF,DBFTFB,401131
2022-02-23 11:32:10.858532,FR0014003513,Corporate bond,DIRECTION GENERALE DU TRESOR,0,2027-02-25,10000000,EUR,98.79,PERC,,FMTS,FMTS,MTS,1,D2D,MTF,DBFTFB,401039
2022-02-23 08:19:22.519764,FR0014003513,Corporate bond,DIRECTION GENERALE DU TRESOR,0,2027-02-25,7500000,EUR,98.79,PERC,,FMTS,FMTS,MTS,1,D2D,MTF,DBFTFB,400100
2022-02-22 15:55:51.430308,FR0014003513,Corporate bond,DIRECTION GENERALE DU TRESOR,0,2027-02-25,10000000,EUR,98.87,PERC,,FMTS,FMTS,MTS,1,D2D,MTF,DBFTFB,403363
2022-02-22 11:04:00.222377,FR0014003513,Corporate bond,DIRECTION GENERALE DU TRESOR,0,2027-02-25,10000000,EUR,99.05,PERC,,FMTS,FMTS,MTS,1,D2D,MTF,DBFTFB,401306
2022-02-21 14:05:30.418973,FR0014003513,Corporate bond,DIRECTION GENERALE DU TRESOR,0,2027-02-25,10000000,EUR,99.24,PERC,,FMTS,FMTS,MTS,1,D2D,MTF,DBFTFB,402003
2022-02-21 14:02:49.958343,FR0014003513,Corporate bond,DIRECTION GENERALE DU TRESOR,0,2027-02-25,10000000,EUR,99.24,PERC,,FMTS,FMTS,MTS,1,D2D,MTF,DBFTFB,401999
2022-02-21 14:02:49.948451,FR0014003513,Corporate bond,DIRECTION GENERALE DU TRESOR,0,2027-02-25,10000000,EUR,99.24,PERC,,FMTS,FMTS,MTS,1,D2D,MTF,DBFTFB,401998
2022-02-18 12:12:46.026173,FR0014003513,Corporate bond,DIRECTION GENERALE DU TRESOR,0,2027-02-25,10000000,EUR,99.16,PERC,,FMTS,FMTS,MTS,1,D2D,MTF,DBFTFB,401866
2022-02-18 10:39:46.930974,FR0014003513,Corporate bond,DIRECTION GENERALE DU TRESOR,0,2027-02-25,10000000,EUR,99.16,PERC,,FMTS,FMTS,MTS,1,D2D,MTF,DBFTFB,401281
2022-02-18 10:38:47.949170,FR0014003513,Corporate bond,DIRECTION GENERALE DU TRESOR,0,2027-02-25,6000000,EUR,99.16,PERC,,FMTS,FMTS,MTS,1,D2D,MTF,DBFTFB,401274
2022-02-18 10:34:58.232206,FR0014003513,Corporate bond,DIRECTION GENERALE DU TRESOR,0,2027-02-25,8000000,EUR,99.16,PERC,,FMTS,FMTS,MTS,1,D2D,MTF,DBFTFB,401243
2022-02-18 10:26:19.849210,FR0014003513,Corporate bond,DIRECTION GENERALE DU TRESOR,0,2027-02-25,10000000,EUR,99.18,PERC,,FMTS,FMTS,MTS,1,D2D,MTF,DBFTFB,401158
2022-02-18 10:17:46.032954,FR0014003513,Corporate bond,DIRECTION GENERALE DU TRESOR,0,2027-02-25,10000000,EUR,99.16,PERC,,FMTS,FMTS,MTS,1,D2D,MTF,DBFTFB,401141
2022-02-18 09:51:40.676254,FR0014003513,Corporate bond,DIRECTION GENERALE DU TRESOR,0,2027-02-25,10000000,EUR,99.2,PERC,,FMTS,FMTS,MTS,1,D2D,MTF,DBFTFB,400989
2022-02-18 09:26:55.397592,FR0014003513,Corporate bond,DIRECTION GENERALE DU TRESOR,0,2027-02-25,10000000,EUR,99.17,PERC,,FMTS,FMTS,MTS,1,D2D,MTF,DBFTFB,400760
2022-02-18 09:26:03.056574,FR0014003513,Corporate bond,DIRECTION GENERALE DU TRESOR,0,2027-02-25,10000000,EUR,99.16,PERC,,FMTS,FMTS,MTS,1,D2D,MTF,DBFTFB,400749
2022-02-17 14:47:57.585932,FR0014003513,Corporate bond,DIRECTION GENERALE DU TRESOR,0,2027-02-25,10000000,EUR,99.02,PERC,,FMTS,FMTS,MTS,1,D2D,MTF,DBFTFB,403647
2022-02-17 14:42:08.720209,FR0014003513,Corporate bond,DIRECTION GENERALE DU TRESOR,0,2027-02-25,10000000,EUR,98.95,PERC,,FMTS,FMTS,MTS,1,D2D,MTF,DBFTFB,403558
2022-02-17 14:42:08.711167,FR0014003513,Corporate bond,DIRECTION GENERALE DU TRESOR,0,2027-02-25,10000000,EUR,98.95,PERC,,FMTS,FMTS,MTS,1,D2D,MTF,DBFTFB,403557
2022-02-17 12:20:51.723284,FR0014003513,Corporate bond,DIRECTION GENERALE DU TRESOR,0,2027-02-25,10000000,EUR,98.93,PERC,,FMTS,FMTS,MTS,1,D2D,MTF,DBFTFB,402620
2022-02-17 12:07:40.824284,FR0014003513,Corporate bond,DIRECTION GENERALE DU TRESOR,0,2027-02-25,5000000,EUR,98.93,PERC,,FMTS,FMTS,MTS,1,D2D,MTF,DBFTFB,402536
2022-02-17 12:02:53.534415,FR0014003513,Corporate bond,DIRECTION GENERALE DU TRESOR,0,2027-02-25,10000000,EUR,98.91,PERC,,FMTS,FMTS,MTS,1,D2D,MTF,DBFTFB,402499
2022-02-17 11:47:38.023225,FR0014003513,Corporate bond,DIRECTION GENERALE DU TRESOR,0,2027-02-25,10000000,EUR,98.92,PERC,,FMTS,FMTS,MTS,1,D2D,MTF,DBFTFB,402375
2022-02-17 11:42:00.618030,FR0014003513,Corporate bond,DIRECTION GENERALE DU TRESOR,0,2027-02-25,10000000,EUR,98.9,PERC,,FMTS,FMTS,MTS,1,D2D,MTF,DBFTFB,402200
2022-02-17 11:30:09.201921,FR0014003513,Corporate bond,DIRECTION GENERALE DU TRESOR,0,2027-02-25,10000000,EUR,98.89,PERC,,FMTS,FMTS,MTS,1,D2D,MTF,DBFTFB,402140
2022-02-17 11:23:17.325090,FR0014003513,Corporate bond,DIRECTION GENERALE DU TRESOR,0,2027-02-25,10000000,EUR,98.88,PERC,,FMTS,FMTS,MTS,1,D2D,MTF,DBFTFB,402052
2022-02-17 11:21:37.209713,FR0014003513,Corporate bond,DIRECTION GENERALE DU TRESOR,0,2027-02-25,5000000,EUR,98.89,PERC,,FMTS,FMTS,MTS,1,D2D,MTF,DBFTFB,402047
2022-02-17 11:21:24.519917,FR0014003513,Corporate bond,DIRECTION GENERALE DU TRESOR,0,2027-02-25,10000000,EUR,98.89,PERC,,FMTS,FMTS,MTS,1,D2D,MTF,DBFTFB,402046
2022-02-17 11:21:09.117190,FR0014003513,Corporate bond,DIRECTION GENERALE DU TRESOR,0,2027-02-25,10000000,EUR,98.89,PERC,,FMTS,FMTS,MTS,1,D2D,MTF,DBFTFB,402045
2022-02-17 11:17:32.876551,FR0014003513,Corporate bond,DIRECTION GENERALE DU TRESOR,0,2027-02-25,10000000,EUR,98.89,PERC,,FMTS,FMTS,MTS,1,D2D,MTF,DBFTFB,401957
2022-02-17 11:16:25.300726,FR0014003513,Corporate bond,DIRECTION GENERALE DU TRESOR,0,2027-02-25,10000000,EUR,98.89,PERC,,FMTS,FMTS,MTS,1,D2D,MTF,DBFTFB,401950
2022-02-17 11:15:45.500887,FR0014003513,Corporate bond,DIRECTION GENERALE DU TRESOR,0,2027-02-25,10000000,EUR,98.89,PERC,,FMTS,FMTS,MTS,1,D2D,MTF,DBFTFB,401947
2022-02-17 11:15:36.971358,FR0014003513,Corporate bond,DIRECTION GENERALE DU TRESOR,0,2027-02-25,10000000,EUR,98.89,PERC,,FMTS,FMTS,MTS,1,D2D,MTF,DBFTFB,401943
2022-02-17 10:56:29.918536,FR0014003513,Corporate bond,DIRECTION GENERALE DU TRESOR,0,2027-02-25,10000000,EUR,98.86,PERC,,FMTS,FMTS,MTS,1,D2D,MTF,DBFTFB,401894
2022-02-17 10:55:59.688064,FR0014003513,Corporate bond,DIRECTION GENERALE DU TRESOR,0,2027-02-25,10000000,EUR,98.86,PERC,,FMTS,FMTS,MTS,1,D2D,MTF,DBFTFB,401873
2022-02-17 09:46:05.839502,FR0014003513,Corporate bond,DIRECTION GENERALE DU TRESOR,0,2027-02-25,5000000,EUR,98.79,PERC,,FMTS,FMTS,MTS,1,D2D,MTF,DBFTFB,401292
2022-02-17 09:44:24.206005,FR0014003513,Corporate bond,DIRECTION GENERALE DU TRESOR,0,2027-02-25,10000000,EUR,98.81,PERC,,FMTS,FMTS,MTS,1,D2D,MTF,DBFTFB,401280
2022-02-17 09:42:18.250525,FR0014003513,Corporate bond,DIRECTION GENERALE DU TRESOR,0,2027-02-25,10000000,EUR,98.81,PERC,,FMTS,FMTS,MTS,1,D2D,MTF,DBFTFB,401266
2022-02-17 09:41:19.326997,FR0014003513,Corporate bond,DIRECTION GENERALE DU TRESOR,0,2027-02-25,10000000,EUR,98.82,PERC,,FMTS,FMTS,MTS,1,D2D,MTF,DBFTFB,401251
2022-02-17 09:38:48.715485,FR0014003513,Corporate bond,DIRECTION GENERALE DU TRESOR,0,2027-02-25,10000000,EUR,98.82,PERC,,FMTS,FMTS,MTS,1,D2D,MTF,DBFTFB,401232
2022-02-17 09:34:08.605464,FR0014003513,Corporate bond,DIRECTION GENERALE DU TRESOR,0,2027-02-25,10000000,EUR,98.85,PERC,,FMTS,FMTS,MTS,1,D2D,MTF,DBFTFB,401156
2022-02-17 09:31:15.973378,FR0014003513,Corporate bond,DIRECTION GENERALE DU TRESOR,0,2027-02-25,10000000,EUR,98.89,PERC,,FMTS,FMTS,MTS,1,D2D,MTF,DBFTFB,401140
2022-02-17 09:28:39.034560,FR0014003513,Corporate bond,DIRECTION GENERALE DU TRESOR,0,2027-02-25,10000000,EUR,98.88,PERC,,FMTS,FMTS,MTS,1,D2D,MTF,DBFTFB,401070
2022-02-17 08:32:45.944697,FR0014003513,Corporate bond,DIRECTION GENERALE DU TRESOR,0,2027-02-25,10000000,EUR,98.87,PERC,,FMTS,FMTS,MTS,1,D2D,MTF,DBFTFB,400294
2022-02-17 08:21:26.525803,FR0014003513,Corporate bond,DIRECTION GENERALE DU TRESOR,0,2027-02-25,10000000,EUR,98.79,PERC,,FMTS,FMTS,MTS,1,D2D,MTF,DBFTFB,400232
2022-02-16 16:03:25.333117,FR0014003513,Corporate bond,DIRECTION GENERALE DU TRESOR,0,2027-02-25,10000000,EUR,98.84,PERC,,FMTS,FMTS,MTS,1,D2D,MTF,DBFTFB,403460
2022-02-16 15:56:37.030344,FR0014003513,Corporate bond,DIRECTION GENERALE DU TRESOR,0,2027-02-25,10000000,EUR,98.82,PERC,,FMTS,FMTS,MTS,1,D2D,MTF,DBFTFB,403429
2022-02-16 15:49:59.691406,FR0014003513,Corporate bond,DIRECTION GENERALE DU TRESOR,0,2027-02-25,10000000,EUR,98.82,PERC,,FMTS,FMTS,MTS,1,D2D,MTF,DBFTFB,403404
2022-02-16 15:49:21.848595,FR0014003513,Corporate bond,DIRECTION GENERALE DU TRESOR,0,2027-02-25,10000000,EUR,98.82,PERC,,FMTS,FMTS,MTS,1,D2D,MTF,DBFTFB,403397
2022-02-16 15:48:24.072550,FR0014003513,Corporate bond,DIRECTION GENERALE DU TRESOR,0,2027-02-25,10000000,EUR,98.82,PERC,,FMTS,FMTS,MTS,1,D2D,MTF,DBFTFB,403381
2022-02-16 15:47:40.736611,FR0014003513,Corporate bond,DIRECTION GENERALE DU TRESOR,0,2027-02-25,10000000,EUR,98.82,PERC,,FMTS,FMTS,MTS,1,D2D,MTF,DBFTFB,403377
2022-02-16 15:46:34.438270,FR0014003513,Corporate bond,DIRECTION GENERALE DU TRESOR,0,2027-02-25,10000000,EUR,98.81,PERC,,FMTS,FMTS,MTS,1,D2D,MTF,DBFTFB,403370
2022-02-16 15:43:33.257092,FR0014003513,Corporate bond,DIRECTION GENERALE DU TRESOR,0,2027-02-25,10000000,EUR,98.81,PERC,,FMTS,FMTS,MTS,1,D2D,MTF,DBFTFB,403357
2022-02-16 14:54:56.712791,FR0014003513,Corporate bond,DIRECTION GENERALE DU TRESOR,0,2027-02-25,10000000,EUR,98.85,PERC,,FMTS,FMTS,MTS,1,D2D,MTF,DBFTFB,403094
2022-02-16 12:24:06.210101,FR0014003513,Corporate bond,DIRECTION GENERALE DU TRESOR,0,2027-02-25,5000000,EUR,98.73,PERC,,FMTS,FMTS,MTS,1,D2D,MTF,DBFTFB,401966
2022-02-16 11:00:15.858062,FR0014003513,Corporate bond,DIRECTION GENERALE DU TRESOR,0,2027-02-25,10000000,EUR,98.73,PERC,,FMTS,FMTS,MTS,1,D2D,MTF,DBFTFB,401370
2022-02-16 10:56:06.213300,FR0014003513,Corporate bond,DIRECTION GENERALE DU TRESOR,0,2027-02-25,10000000,EUR,98.72,PERC,,FMTS,FMTS,MTS,1,D2D,MTF,DBFTFB,401345
2022-02-16 10:37:45.932513,FR0014003513,Corporate bond,DIRECTION GENERALE DU TRESOR,0,2027-02-25,10000000,EUR,98.72,PERC,,FMTS,FMTS,MTS,1,D2D,MTF,DBFTFB,401252
2022-02-16 10:32:33.038306,FR0014003513,Corporate bond,DIRECTION GENERALE DU TRESOR,0,2027-02-25,5000000,EUR,98.69,PERC,,FMTS,FMTS,MTS,1,D2D,MTF,DBFTFB,401170
2022-02-16 10:30:23.178630,FR0014003513,Corporate bond,DIRECTION GENERALE DU TRESOR,0,2027-02-25,10000000,EUR,98.68,PERC,,FMTS,FMTS,MTS,1,D2D,MTF,DBFTFB,401141
2022-02-16 10:29:08.382451,FR0014003513,Corporate bond,DIRECTION GENERALE DU TRESOR,0,2027-02-25,10000000,EUR,98.68,PERC,,FMTS,FMTS,MTS,1,D2D,MTF,DBFTFB,401136
2022-02-16 10:14:31.760022,FR0014003513,Corporate bond,DIRECTION GENERALE DU TRESOR,0,2027-02-25,10000000,EUR,98.69,PERC,,FMTS,FMTS,MTS,1,D2D,MTF,DBFTFB,401043
2022-02-16 09:48:48.450834,FR0014003513,Corporate bond,DIRECTION GENERALE DU TRESOR,0,2027-02-25,10000000,EUR,98.68,PERC,,FMTS,FMTS,MTS,1,D2D,MTF,DBFTFB,400864
2022-02-16 09:42:26.553353,FR0014003513,Corporate bond,DIRECTION GENERALE DU TRESOR,0,2027-02-25,10000000,EUR,98.64,PERC,,FMTS,FMTS,MTS,1,D2D,MTF,DBFTFB,400822
2022-02-15 16:29:47.007489,FR0014003513,Corporate bond,DIRECTION GENERALE DU TRESOR,0,2027-02-25,10000000,EUR,98.64,PERC,,FMTS,FMTS,MTS,1,D2D,MTF,DBFTFB,403796
2022-02-15 16:12:31.620727,FR0014003513,Corporate bond,DIRECTION GENERALE DU TRESOR,0,2027-02-25,10000000,EUR,98.6,PERC,,FMTS,FMTS,MTS,1,D2D,MTF,DBFTFB,403630
2022-02-15 16:06:06.310552,FR0014003513,Corporate bond,DIRECTION GENERALE DU TRESOR,0,2027-02-25,10000000,EUR,98.59,PERC,,FMTS,FMTS,MTS,1,D2D,MTF,DBFTFB,403567
2022-02-15 16:03:35.511671,FR0014003513,Corporate bond,DIRECTION GENERALE DU TRESOR,0,2027-02-25,10000000,EUR,98.61,PERC,,FMTS,FMTS,MTS,1,D2D,MTF,DBFTFB,403548
2022-02-15 15:35:10.293441,FR0014003513,Corporate bond,DIRECTION GENERALE DU TRESOR,0,2027-02-25,10000000,EUR,98.62,PERC,,FMTS,FMTS,MTS,1,D2D,MTF,DBFTFB,403252
2022-02-15 15:25:20.905419,FR0014003513,Corporate bond,DIRECTION GENERALE DU TRESOR,0,2027-02-25,10000000,EUR,98.62,PERC,,FMTS,FMTS,MTS,1,D2D,MTF,DBFTFB,403161
2022-02-15 15:24:58.150925,FR0014003513,Corporate bond,DIRECTION GENERALE DU TRESOR,0,2027-02-25,10000000,EUR,98.61,PERC,,FMTS,FMTS,MTS,1,D2D,MTF,DBFTFB,403160
2022-02-15 15:24:18.033340,FR0014003513,Corporate bond,DIRECTION GENERALE DU TRESOR,0,2027-02-25,10000000,EUR,98.61,PERC,,FMTS,FMTS,MTS,1,D2D,MTF,DBFTFB,403159
2022-02-15 15:17:27.544860,FR0014003513,Corporate bond,DIRECTION GENERALE DU TRESOR,0,2027-02-25,10000000,EUR,98.64,PERC,,FMTS,FMTS,MTS,1,D2D,MTF,DBFTFB,403139
2022-02-15 13:30:01.270829,FR0014003513,Corporate bond,DIRECTION GENERALE DU TRESOR,0,2027-02-25,10000000,EUR,98.6,PERC,,FMTS,FMTS,MTS,1,D2D,MTF,DBFTFB,402350
2022-02-14 15:11:58.158956,FR0014003513,Corporate bond,DIRECTION GENERALE DU TRESOR,0,2027-02-25,10000000,EUR,98.85,PERC,,FMTS,FMTS,MTS,1,D2D,MTF,DBFTFB,402645
2022-02-14 15:03:20.501095,FR0014003513,Corporate bond,DIRECTION GENERALE DU TRESOR,0,2027-02-25,10000000,EUR,98.83,PERC,,FMTS,FMTS,MTS,1,D2D,MTF,DBFTFB,402617
2022-02-14 14:26:19.618983,FR0014003513,Corporate bond,DIRECTION GENERALE DU TRESOR,0,2027-02-25,10000000,EUR,98.85,PERC,,FMTS,FMTS,MTS,1,D2D,MTF,DBFTFB,402422
2022-02-14 10:42:39.307199,FR0014003513,Corporate bond,DIRECTION GENERALE DU TRESOR,0,2027-02-25,10000000,EUR,98.89,PERC,,FMTS,FMTS,MTS,1,D2D,MTF,DBFTFB,401119
2022-02-14 08:32:59.166867,FR0014003513,Corporate bond,DIRECTION GENERALE DU TRESOR,0,2027-02-25,10000000,EUR,98.92,PERC,,FMTS,FMTS,MTS,1,D2D,MTF,DBFTFB,400128
2022-02-11 16:29:16.384216,FR0014003513,Corporate bond,DIRECTION GENERALE DU TRESOR,0,2027-02-25,10000000,EUR,98.53,PERC,,FMTS,FMTS,MTS,1,D2D,MTF,DBFTFB,403065
2022-02-11 15:58:38.127260,FR0014003513,Corporate bond,DIRECTION GENERALE DU TRESOR,0,2027-02-25,10000000,EUR,98.62,PERC,,FMTS,FMTS,MTS,1,D2D,MTF,DBFTFB,402919
2022-02-11 15:50:05.890714,FR0014003513,Corporate bond,DIRECTION GENERALE DU TRESOR,0,2027-02-25,10000000,EUR,98.62,PERC,,FMTS,FMTS,MTS,1,D2D,MTF,DBFTFB,402897
2022-02-11 15:11:29.706909,FR0014003513,Corporate bond,DIRECTION GENERALE DU TRESOR,0,2027-02-25,10000000,EUR,98.71,PERC,,FMTS,FMTS,MTS,1,D2D,MTF,DBFTFB,402567
2022-02-11 15:09:56.916123,FR0014003513,Corporate bond,DIRECTION GENERALE DU TRESOR,0,2027-02-25,10000000,EUR,98.71,PERC,,FMTS,FMTS,MTS,1,D2D,MTF,DBFTFB,402564
2022-02-11 11:54:40.372533,FR0014003513,Corporate bond,DIRECTION GENERALE DU TRESOR,0,2027-02-25,10000000,EUR,98.55,PERC,,FMTS,FMTS,MTS,1,D2D,MTF,DBFTFB,401347
2022-02-11 09:10:39.180680,FR0014003513,Corporate bond,DIRECTION GENERALE DU TRESOR,0,2027-02-25,7000000,EUR,98.6,PERC,,FMTS,FMTS,MTS,1,D2D,MTF,DBFTFB,400430
2022-02-11 09:08:06.014739,FR0014003513,Corporate bond,DIRECTION GENERALE DU TRESOR,0,2027-02-25,10000000,EUR,98.58,PERC,,FMTS,FMTS,MTS,1,D2D,MTF,DBFTFB,400418
2022-02-11 08:42:07.573300,FR0014003513,Corporate bond,DIRECTION GENERALE DU TRESOR,0,2027-02-25,10000000,EUR,98.64,PERC,,FMTS,FMTS,MTS,1,D2D,MTF,DBFTFB,400237
2022-02-11 08:36:27.846881,FR0014003513,Corporate bond,DIRECTION GENERALE DU TRESOR,0,2027-02-25,10000000,EUR,98.61,PERC,,FMTS,FMTS,MTS,1,D2D,MTF,DBFTFB,400210
2022-02-11 08:35:50.702174,FR0014003513,Corporate bond,DIRECTION GENERALE DU TRESOR,0,2027-02-25,10000000,EUR,98.63,PERC,,FMTS,FMTS,MTS,1,D2D,MTF,DBFTFB,400209
2022-02-11 08:30:24.029905,FR0014003513,Corporate bond,DIRECTION GENERALE DU TRESOR,0,2027-02-25,10000000,EUR,98.64,PERC,,FMTS,FMTS,MTS,1,D2D,MTF,DBFTFB,400187
2022-02-11 08:27:06.890290,FR0014003513,Corporate bond,DIRECTION GENERALE DU TRESOR,0,2027-02-25,10000000,EUR,98.62,PERC,,FMTS,FMTS,MTS,1,D2D,MTF,DBFTFB,400171
2022-02-11 08:17:11.976779,FR0014003513,Corporate bond,DIRECTION GENERALE DU TRESOR,0,2027-02-25,10000000,EUR,98.62,PERC,,FMTS,FMTS,MTS,1,D2D,MTF,DBFTFB,400140
2022-02-10 16:08:48.647566,FR0014003513,Corporate bond,DIRECTION GENERALE DU TRESOR,0,2027-02-25,10000000,EUR,98.52,PERC,,FMTS,FMTS,MTS,1,D2D,MTF,DBFTFB,403665
2022-02-10 14:53:07.632654,FR0014003513,Corporate bond,DIRECTION GENERALE DU TRESOR,0,2027-02-25,10000000,EUR,98.65,PERC,,FMTS,FMTS,MTS,1,D2D,MTF,DBFTFB,403043
2022-02-10 14:51:59.385584,FR0014003513,Corporate bond,DIRECTION GENERALE DU TRESOR,0,2027-02-25,10000000,EUR,98.65,PERC,,FMTS,FMTS,MTS,1,D2D,MTF,DBFTFB,403035
2022-02-10 14:51:49.298226,FR0014003513,Corporate bond,DIRECTION GENERALE DU TRESOR,0,2027-02-25,10000000,EUR,98.65,PERC,,FMTS,FMTS,MTS,1,D2D,MTF,DBFTFB,403034
2022-02-10 14:51:17.888245,FR0014003513,Corporate bond,DIRECTION GENERALE DU TRESOR,0,2027-02-25,10000000,EUR,98.66,PERC,,FMTS,FMTS,MTS,1,D2D,MTF,DBFTFB,403032
2022-02-10 14:46:23.306296,FR0014003513,Corporate bond,DIRECTION GENERALE DU TRESOR,0,2027-02-25,10000000,EUR,98.65,PERC,,FMTS,FMTS,MTS,1,D2D,MTF,DBFTFB,403008
2022-02-10 09:25:58.837302,FR0014003513,Corporate bond,DIRECTION GENERALE DU TRESOR,0,2027-02-25,10000000,EUR,98.67,PERC,,FMTS,FMTS,MTS,1,D2D,MTF,DBFTFB,400628
2022-02-10 08:12:31.282165,FR0014003513,Corporate bond,DIRECTION GENERALE DU TRESOR,0,2027-02-25,10000000,EUR,98.72,PERC,,FMTS,FMTS,MTS,1,D2D,MTF,DBFTFB,400117
2022-02-09 14:17:07.389511,FR0014003513,Corporate bond,DIRECTION GENERALE DU TRESOR,0,2027-02-25,10000000,EUR,98.82,PERC,,FMTS,FMTS,MTS,1,D2D,MTF,DBFTFB,403265
2022-02-09 14:16:23.982637,FR0014003513,Corporate bond,DIRECTION GENERALE DU TRESOR,0,2027-02-25,10000000,EUR,98.82,PERC,,FMTS,FMTS,MTS,1,D2D,MTF,DBFTFB,403262
2022-02-09 13:56:00.969310,FR0014003513,Corporate bond,DIRECTION GENERALE DU TRESOR,0,2027-02-25,10000000,EUR,98.8,PERC,,FMTS,FMTS,MTS,1,D2D,MTF,DBFTFB,403029
2022-02-08 16:08:13.382059,FR0014003513,Corporate bond,DIRECTION GENERALE DU TRESOR,0,2027-02-25,10000000,EUR,98.55,PERC,,FMTS,FMTS,MTS,1,D2D,MTF,DBFTFB,403366
2022-02-08 15:32:24.959650,FR0014003513,Corporate bond,DIRECTION GENERALE DU TRESOR,0,2027-02-25,10000000,EUR,98.53,PERC,,FMTS,FMTS,MTS,1,D2D,MTF,DBFTFB,403087
2022-02-08 14:25:19.202007,FR0014003513,Corporate bond,DIRECTION GENERALE DU TRESOR,0,2027-02-25,10000000,EUR,98.52,PERC,,FMTS,FMTS,MTS,1,D2D,MTF,DBFTFB,402541
2022-02-08 13:34:06.183056,FR0014003513,Corporate bond,DIRECTION GENERALE DU TRESOR,0,2027-02-25,10000000,EUR,98.71,PERC,,FMTS,FMTS,MTS,1,D2D,MTF,DBFTFB,402129
2022-02-08 12:11:38.870629,FR0014003513,Corporate bond,DIRECTION GENERALE DU TRESOR,0,2027-02-25,10000000,EUR,98.73,PERC,,FMTS,FMTS,MTS,1,D2D,MTF,DBFTFB,401548
2022-02-08 11:10:29.967876,FR0014003513,Corporate bond,DIRECTION GENERALE DU TRESOR,0,2027-02-25,10000000,EUR,98.83,PERC,,FMTS,FMTS,MTS,1,D2D,MTF,DBFTFB,401204
2022-02-07 15:48:45.030045,FR0014003513,Corporate bond,DIRECTION GENERALE DU TRESOR,0,2027-02-25,10000000,EUR,98.63,PERC,,FMTS,FMTS,MTS,1,D2D,MTF,DBFTFB,403624
2022-02-04 12:57:16.401378,FR0014003513,Corporate bond,DIRECTION GENERALE DU TRESOR,0,2027-02-25,10000000,EUR,98.9,PERC,,FMTS,FMTS,MTS,1,D2D,MTF,DBFTFB,401760
2022-02-04 10:39:16.573016,FR0014003513,Corporate bond,DIRECTION GENERALE DU TRESOR,0,2027-02-25,10000000,EUR,98.91,PERC,,FMTS,FMTS,MTS,1,D2D,MTF,DBFTFB,400983
2022-02-04 09:13:37.574221,FR0014003513,Corporate bond,DIRECTION GENERALE DU TRESOR,0,2027-02-25,10000000,EUR,98.93,PERC,,FMTS,FMTS,MTS,1,D2D,MTF,DBFTFB,400378
2022-02-04 08:55:36.706358,FR0014003513,Corporate bond,DIRECTION GENERALE DU TRESOR,0,2027-02-25,10000000,EUR,98.92,PERC,,FMTS,FMTS,MTS,1,D2D,MTF,DBFTFB,400304
2022-02-02 14:23:00.184860,FR0014003513,Corporate bond,DIRECTION GENERALE DU TRESOR,0,2027-02-25,10000000,EUR,99.98,PERC,,FMTS,FMTS,MTS,1,D2D,MTF,DBFTFB,403546
2022-02-02 11:38:58.886793,FR0014003513,Corporate bond,DIRECTION GENERALE DU TRESOR,0,2027-02-25,10000000,EUR,100.04,PERC,,FMTS,FMTS,MTS,1,D2D,MTF,DBFTFB,402436
2022-02-01 10:07:52.820180,FR0014003513,Corporate bond,DIRECTION GENERALE DU TRESOR,0,2027-02-25,10000000,EUR,100.34,PERC,,FMTS,FMTS,MTS,1,D2D,MTF,DBFTFB,401330
2022-02-01 10:07:05.799833,FR0014003513,Corporate bond,DIRECTION GENERALE DU TRESOR,0,2027-02-25,10000000,EUR,100.34,PERC,,FMTS,FMTS,MTS,1,D2D,MTF,DBFTFB,401318
2022-01-28 10:15:46.010196,FR0014003513,Corporate bond,DIRECTION GENERALE DU TRESOR,0,2027-02-25,5000000,EUR,100.64,PERC,,FMTS,FMTS,MTS,1,D2D,MTF,DBFTFB,401642
2022-01-28 09:38:19.575824,FR0014003513,Corporate bond,DIRECTION GENERALE DU TRESOR,0,2027-02-25,10000000,EUR,100.67,PERC,,FMTS,FMTS,MTS,1,D2D,MTF,DBFTFB,401145
2022-01-28 09:30:22.882256,FR0014003513,Corporate bond,DIRECTION GENERALE DU TRESOR,0,2027-02-25,10000000,EUR,100.66,PERC,,FMTS,FMTS,MTS,1,D2D,MTF,DBFTFB,401026
2022-01-28 09:28:53.935512,FR0014003513,Corporate bond,DIRECTION GENERALE DU TRESOR,0,2027-02-25,10000000,EUR,100.66,PERC,,FMTS,FMTS,MTS,1,D2D,MTF,DBFTFB,401022
2022-01-27 13:46:59.524267,FR0014003513,Corporate bond,DIRECTION GENERALE DU TRESOR,0,2027-02-25,10000000,EUR,100.71,PERC,,FMTS,FMTS,MTS,1,D2D,MTF,DBFTFB,403121
2022-01-27 09:08:27.794513,FR0014003513,Corporate bond,DIRECTION GENERALE DU TRESOR,0,2027-02-25,10000000,EUR,100.66,PERC,,FMTS,FMTS,MTS,1,D2D,MTF,DBFTFB,400670
2022-01-26 10:47:54.141966,FR0014003513,Corporate bond,DIRECTION GENERALE DU TRESOR,0,2027-02-25,10000000,EUR,100.92,PERC,,FMTS,FMTS,MTS,1,D2D,MTF,DBFTFB,401119
