Historical Rts2 Post Trade Microsecond,Historical Rts2 Instrument Identification Code,Bond Type Bond Type Desc,Instruments New Issuer Name,Instruments New Bond Fixed Rate,Instruments New Bond Maturity Date,Historical Rts2 Notional Amount,Historical Rts2 Notional Currency,Historical Rts2 Price,Historical Rts2 Price Notation,Historical Rts2 Flag List,Historical Rts2 Venue of Execution,Historical Rts2 Venue of Publication,Mifid Entities Commercial Name,Historical Rts2 Transaction Count,Mifid Entities Platform Type,Mifid Entities Trading Venue Types,Instruments New Cfi,Historical Rts2 Transaction Identification Code
2022-07-22 14:00:18.331000,FR0014003513,Corporate bond,DIRECTION GENERALE DU TRESOR,0,2027-02-25,650000,EUR,95.735,PERC,,TWEM,TWEM,TRADEWEB,1,D2C,MTF,DBFTFB,'3605513032244924715
2022-07-22 13:54:15.204000,FR0014003513,Corporate bond,DIRECTION GENERALE DU TRESOR,0,2027-02-25,50000,EUR,95.731,PERC,,TWEM,TWEM,TRADEWEB,1,D2C,MTF,DBFTFB,'3605513032244924634
2022-07-22 13:35:48.772000,FR0014003513,Corporate bond,DIRECTION GENERALE DU TRESOR,0,2027-02-25,155000,EUR,95.647,PERC,,TWEM,TWEM,TRADEWEB,1,D2C,MTF,DBFTFB,'3605513032244924428
2022-07-22 09:38:46.567000,FR0014003513,Corporate bond,DIRECTION GENERALE DU TRESOR,0,2027-02-25,1100000,EUR,95.436,PERC,,TWEM,TWEM,TRADEWEB,1,D2C,MTF,DBFTFB,'3605513032244922405
2022-07-22 09:30:03.355000,FR0014003513,Corporate bond,DIRECTION GENERALE DU TRESOR,0,2027-02-25,960372,EUR,95.369,PERC,,TWEM,TWEM,TRADEWEB,1,D2C,MTF,DBFTFB,'3605513032244922233
2022-07-22 08:30:20.245000,FR0014003513,Corporate bond,DIRECTION GENERALE DU TRESOR,0,2027-02-25,1174729,EUR,95.282,PERC,,TWEM,TWEM,TRADEWEB,1,D2C,MTF,DBFTFB,'3605513032244921284
2022-07-21 15:53:47.677000,FR0014003513,Corporate bond,DIRECTION GENERALE DU TRESOR,0,2027-02-25,774000,EUR,94.525,PERC,,TWEM,TWEM,TRADEWEB,1,D2C,MTF,DBFTFB,'3605511932733299268
2022-07-21 15:15:46.174000,FR0014003513,Corporate bond,DIRECTION GENERALE DU TRESOR,0,2027-02-25,23000,EUR,94.625,PERC,,TWEM,TWEM,TRADEWEB,1,D2C,MTF,DBFTFB,'3605511932733298702
2022-07-21 15:15:28.314000,FR0014003513,Corporate bond,DIRECTION GENERALE DU TRESOR,0,2027-02-25,5000,EUR,94.626,PERC,,TWEM,TWEM,TRADEWEB,1,D2C,MTF,DBFTFB,'3605511932733298625
2022-07-21 15:14:36.619000,FR0014003513,Corporate bond,DIRECTION GENERALE DU TRESOR,0,2027-02-25,500000,EUR,94.639,PERC,,TWEM,TWEM,TRADEWEB,1,D2C,MTF,DBFTFB,'3605511932733298419
2022-07-21 15:13:38.761000,FR0014003513,Corporate bond,DIRECTION GENERALE DU TRESOR,0,2027-02-25,478000,EUR,94.614,PERC,,TWEM,TWEM,TRADEWEB,1,D2C,MTF,DBFTFB,'3605511932733298334
2022-07-21 14:31:59.419000,FR0014003513,Corporate bond,DIRECTION GENERALE DU TRESOR,0,2027-02-25,2000000,EUR,94.591,PERC,,TWEM,TWEM,TRADEWEB,1,D2C,MTF,DBFTFB,'3605511932733297838
2022-07-21 14:12:26.795000,FR0014003513,Corporate bond,DIRECTION GENERALE DU TRESOR,0,2027-02-25,334000,EUR,94.549,PERC,,TWEM,TWEM,TRADEWEB,1,D2C,MTF,DBFTFB,'3605511932733297537
2022-07-21 12:14:14.182000,FR0014003513,Corporate bond,DIRECTION GENERALE DU TRESOR,0,2027-02-25,1200000,EUR,94.414,PERC,,TWEM,TWEM,TRADEWEB,1,D2C,MTF,DBFTFB,'3605511932733296034
2022-07-20 15:13:25.229000,FR0014003513,Corporate bond,DIRECTION GENERALE DU TRESOR,0,2027-02-25,775000,EUR,94.515,PERC,,TWEM,TWEM,TRADEWEB,1,D2C,MTF,DBFTFB,'3605510833221669803
2022-07-20 14:08:04.223000,FR0014003513,Corporate bond,DIRECTION GENERALE DU TRESOR,0,2027-02-25,937503,EUR,94.646,PERC,,TWEM,TWEM,TRADEWEB,1,D2C,MTF,DBFTFB,'3605510833221669094
2022-07-19 15:15:50.746000,FR0014003513,Corporate bond,DIRECTION GENERALE DU TRESOR,0,2027-02-25,2500000,EUR,94.545,PERC,,TWEM,TWEM,TRADEWEB,1,D2C,MTF,DBFTFB,'3605509733710042508
2022-07-19 15:15:32.389000,FR0014003513,Corporate bond,DIRECTION GENERALE DU TRESOR,0,2027-02-25,10000,EUR,94.526,PERC,,TWEM,TWEM,TRADEWEB,1,D2C,MTF,DBFTFB,'3605509733710042448
2022-07-19 15:14:08.149000,FR0014003513,Corporate bond,DIRECTION GENERALE DU TRESOR,0,2027-02-25,400000,EUR,94.51,PERC,,TWEM,TWEM,TRADEWEB,1,D2C,MTF,DBFTFB,'3605509733710042139
2022-07-19 15:14:02.876000,FR0014003513,Corporate bond,DIRECTION GENERALE DU TRESOR,0,2027-02-25,2087000,EUR,94.534,PERC,,TWEM,TWEM,TRADEWEB,1,D2C,MTF,DBFTFB,'3605509733710042098
2022-07-19 15:08:28.673000,FR0014003513,Corporate bond,DIRECTION GENERALE DU TRESOR,0,2027-02-25,341000,EUR,94.534,PERC,,TWEM,TWEM,TRADEWEB,1,D2C,MTF,DBFTFB,'3605509733710041776
2022-07-19 11:43:53.145000,FR0014003513,Corporate bond,DIRECTION GENERALE DU TRESOR,0,2027-02-25,1000000,EUR,94.63,PERC,,TWEM,TWEM,TRADEWEB,1,D2C,MTF,DBFTFB,'3605509733710039666
2022-07-19 08:19:21.765000,FR0014003513,Corporate bond,DIRECTION GENERALE DU TRESOR,0,2027-02-25,1064396,EUR,94.578,PERC,,TWEM,TWEM,TRADEWEB,1,D2C,MTF,DBFTFB,'3605509733710037678
2022-07-19 05:03:40.000000,FR0014003513,Corporate bond,DIRECTION GENERALE DU TRESOR,0,2027-02-25,30000000,EUR,95.235833,PERC,IDAF,TWEM,TWEM,TRADEWEB,6,D2C,MTF,DBFTFB,'7208389435606434316
2022-07-18 15:13:03.959000,FR0014003513,Corporate bond,DIRECTION GENERALE DU TRESOR,0,2027-02-25,43000,EUR,94.831,PERC,,TWEM,TWEM,TRADEWEB,1,D2C,MTF,DBFTFB,'3605508634198413801
2022-07-18 09:22:02.045000,FR0014003513,Corporate bond,DIRECTION GENERALE DU TRESOR,0,2027-02-25,1300000,EUR,94.799,PERC,,TWEM,TWEM,TRADEWEB,1,D2C,MTF,DBFTFB,'3605508634198410577
2022-07-15 15:22:52.848000,FR0014003513,Corporate bond,DIRECTION GENERALE DU TRESOR,0,2027-02-25,12000,EUR,95.211,PERC,,TWEM,TWEM,TRADEWEB,1,D2C,MTF,DBFTFB,'3605505335663530556
2022-07-14 15:54:52.485000,FR0014003513,Corporate bond,DIRECTION GENERALE DU TRESOR,0,2027-02-25,315000,EUR,94.993,PERC,,TWEM,TWEM,TRADEWEB,1,D2C,MTF,DBFTFB,'3605504236151904094
2022-07-14 15:15:12.777000,FR0014003513,Corporate bond,DIRECTION GENERALE DU TRESOR,0,2027-02-25,13000,EUR,94.904,PERC,,TWEM,TWEM,TRADEWEB,1,D2C,MTF,DBFTFB,'3605504236151903755
2022-07-14 15:13:25.077000,FR0014003513,Corporate bond,DIRECTION GENERALE DU TRESOR,0,2027-02-25,349000,EUR,94.913,PERC,,TWEM,TWEM,TRADEWEB,1,D2C,MTF,DBFTFB,'3605504236151903517
2022-07-13 15:15:10.064000,FR0014003513,Corporate bond,DIRECTION GENERALE DU TRESOR,0,2027-02-25,2000,EUR,95.189,PERC,,TWEM,TWEM,TRADEWEB,1,D2C,MTF,DBFTFB,'3605503136640275535
2022-07-13 15:14:34.624000,FR0014003513,Corporate bond,DIRECTION GENERALE DU TRESOR,0,2027-02-25,200000,EUR,95.202,PERC,,TWEM,TWEM,TRADEWEB,1,D2C,MTF,DBFTFB,'3605503136640275432
2022-07-13 15:13:07.297000,FR0014003513,Corporate bond,DIRECTION GENERALE DU TRESOR,0,2027-02-25,550000,EUR,95.177,PERC,,TWEM,TWEM,TRADEWEB,1,D2C,MTF,DBFTFB,'3605503136640275327
2022-07-13 14:49:54.339000,FR0014003513,Corporate bond,DIRECTION GENERALE DU TRESOR,0,2027-02-25,31000,EUR,95.367,PERC,,TWEM,TWEM,TRADEWEB,1,D2C,MTF,DBFTFB,'3605503136640275062
2022-07-13 14:30:46.095000,FR0014003513,Corporate bond,DIRECTION GENERALE DU TRESOR,0,2027-02-25,,EUR,95.187,PERC,TPAC VOLO,TWEM,TWEM,TRADEWEB,1,D2C,MTF,DBFTFB,'7208385037559924295
2022-07-13 13:38:01.828000,FR0014003513,Corporate bond,DIRECTION GENERALE DU TRESOR,0,2027-02-25,1175000,EUR,95.184,PERC,,TWEM,TWEM,TRADEWEB,1,D2C,MTF,DBFTFB,'3605503136640273982
2022-07-12 15:49:04.119000,FR0014003513,Corporate bond,DIRECTION GENERALE DU TRESOR,0,2027-02-25,1800000,EUR,95.518,PERC,,TWEM,TWEM,TRADEWEB,1,D2C,MTF,DBFTFB,'3605502037128648004
2022-07-12 15:24:06.461000,FR0014003513,Corporate bond,DIRECTION GENERALE DU TRESOR,0,2027-02-25,35000,EUR,95.528,PERC,,TWEM,TWEM,TRADEWEB,1,D2C,MTF,DBFTFB,'3605502037128647886
2022-07-12 11:17:54.533000,FR0014003513,Corporate bond,DIRECTION GENERALE DU TRESOR,0,2027-02-25,930000,EUR,95.523,PERC,,TWEM,TWEM,TRADEWEB,1,D2C,MTF,DBFTFB,'3605502037128645474
2022-07-12 10:33:42.160000,FR0014003513,Corporate bond,DIRECTION GENERALE DU TRESOR,0,2027-02-25,775000,EUR,95.52,PERC,,TWEM,TWEM,TRADEWEB,1,D2C,MTF,DBFTFB,'3605502037128644927
2022-07-12 10:32:43.821000,FR0014003513,Corporate bond,DIRECTION GENERALE DU TRESOR,0,2027-02-25,775000,EUR,95.518,PERC,,TWEM,TWEM,TRADEWEB,1,D2C,MTF,DBFTFB,'3605502037128644869
2022-07-12 10:31:34.002000,FR0014003513,Corporate bond,DIRECTION GENERALE DU TRESOR,0,2027-02-25,775000,EUR,95.527,PERC,,TWEM,TWEM,TRADEWEB,1,D2C,MTF,DBFTFB,'3605502037128644791
2022-07-12 09:59:44.844000,FR0014003513,Corporate bond,DIRECTION GENERALE DU TRESOR,0,2027-02-25,10000,EUR,95.59,PERC,,TWEM,TWEM,TRADEWEB,1,D2C,MTF,DBFTFB,'3605502037128644610
2022-07-12 09:08:43.533000,FR0014003513,Corporate bond,DIRECTION GENERALE DU TRESOR,0,2027-02-25,50000,EUR,95.592,PERC,,TWEM,TWEM,TRADEWEB,1,D2C,MTF,DBFTFB,'3605502037128643876
2022-07-12 07:07:47.410000,FR0014003513,Corporate bond,DIRECTION GENERALE DU TRESOR,0,2027-02-25,500000,EUR,95.196,PERC,,TWEM,TWEM,TRADEWEB,1,D2C,MTF,DBFTFB,'3605502037128642645
2022-07-12 05:03:20.000000,FR0014003513,Corporate bond,DIRECTION GENERALE DU TRESOR,0,2027-02-25,107788000,EUR,94.376108,PERC,IDAF,TWEM,TWEM,TRADEWEB,5,D2C,MTF,DBFTFB,'7208381739025040009
2022-07-11 15:30:16.853000,FR0014003513,Corporate bond,DIRECTION GENERALE DU TRESOR,0,2027-02-25,96000,EUR,95.001,PERC,,TWEM,TWEM,TRADEWEB,1,D2C,MTF,DBFTFB,'3605500937617020143
2022-07-11 15:13:20.035000,FR0014003513,Corporate bond,DIRECTION GENERALE DU TRESOR,0,2027-02-25,750000,EUR,95.047,PERC,,TWEM,TWEM,TRADEWEB,1,D2C,MTF,DBFTFB,'3605500937617019696
2022-07-11 15:04:34.102000,FR0014003513,Corporate bond,DIRECTION GENERALE DU TRESOR,0,2027-02-25,21605,EUR,95.07,PERC,,TWEM,TWEM,TRADEWEB,1,D2C,MTF,DBFTFB,'3605500937617019409
2022-07-11 14:55:05.773000,FR0014003513,Corporate bond,DIRECTION GENERALE DU TRESOR,0,2027-02-25,50000,EUR,95.043,PERC,,TWEM,TWEM,TRADEWEB,1,D2C,MTF,DBFTFB,'3605500937617019258
2022-07-11 13:30:50.479000,FR0014003513,Corporate bond,DIRECTION GENERALE DU TRESOR,0,2027-02-25,112000,EUR,95,PERC,,TWEM,TWEM,TRADEWEB,1,D2C,MTF,DBFTFB,'3605500937617018430
2022-07-08 15:15:05.532000,FR0014003513,Corporate bond,DIRECTION GENERALE DU TRESOR,0,2027-02-25,2000,EUR,94.589,PERC,,TWEM,TWEM,TRADEWEB,1,D2C,MTF,DBFTFB,'3605497639082136620
2022-07-08 15:13:22.938000,FR0014003513,Corporate bond,DIRECTION GENERALE DU TRESOR,0,2027-02-25,627000,EUR,94.552,PERC,,TWEM,TWEM,TRADEWEB,1,D2C,MTF,DBFTFB,'3605497639082136462
2022-07-07 15:15:17.585000,FR0014003513,Corporate bond,DIRECTION GENERALE DU TRESOR,0,2027-02-25,7000,EUR,94.611,PERC,,TWEM,TWEM,TRADEWEB,1,D2C,MTF,DBFTFB,'3605496539570510021
2022-07-07 15:13:56.012000,FR0014003513,Corporate bond,DIRECTION GENERALE DU TRESOR,0,2027-02-25,12000,EUR,94.559,PERC,,TWEM,TWEM,TRADEWEB,1,D2C,MTF,DBFTFB,'3605496539570509745
2022-07-07 15:13:15.663000,FR0014003513,Corporate bond,DIRECTION GENERALE DU TRESOR,0,2027-02-25,2421000,EUR,94.584,PERC,,TWEM,TWEM,TRADEWEB,1,D2C,MTF,DBFTFB,'3605496539570509647
2022-07-07 09:38:33.129000,FR0014003513,Corporate bond,DIRECTION GENERALE DU TRESOR,0,2027-02-25,1900000,EUR,94.549,PERC,,TWEM,TWEM,TRADEWEB,1,D2C,MTF,DBFTFB,'3605496539570505695
2022-07-06 15:16:28.920000,FR0014003513,Corporate bond,DIRECTION GENERALE DU TRESOR,0,2027-02-25,4000,EUR,95.233,PERC,,TWEM,TWEM,TRADEWEB,1,D2C,MTF,DBFTFB,'3605495440058882690
2022-07-06 15:15:53.768000,FR0014003513,Corporate bond,DIRECTION GENERALE DU TRESOR,0,2027-02-25,17000,EUR,95.239,PERC,,TWEM,TWEM,TRADEWEB,1,D2C,MTF,DBFTFB,'3605495440058882473
2022-07-06 15:14:10.868000,FR0014003513,Corporate bond,DIRECTION GENERALE DU TRESOR,0,2027-02-25,200000,EUR,95.225,PERC,,TWEM,TWEM,TRADEWEB,1,D2C,MTF,DBFTFB,'3605495440058881992
2022-07-06 15:13:34.226000,FR0014003513,Corporate bond,DIRECTION GENERALE DU TRESOR,0,2027-02-25,610000,EUR,95.194,PERC,,TWEM,TWEM,TRADEWEB,1,D2C,MTF,DBFTFB,'3605495440058881888
2022-07-06 15:13:13.348000,FR0014003513,Corporate bond,DIRECTION GENERALE DU TRESOR,0,2027-02-25,310000,EUR,95.21,PERC,,TWEM,TWEM,TRADEWEB,1,D2C,MTF,DBFTFB,'3605495440058881787
2022-07-06 14:35:26.297000,FR0014003513,Corporate bond,DIRECTION GENERALE DU TRESOR,0,2027-02-25,532000,EUR,95.109,PERC,,TWEM,TWEM,TRADEWEB,1,D2C,MTF,DBFTFB,'3605495440058881337
2022-07-06 09:57:01.299000,FR0014003513,Corporate bond,DIRECTION GENERALE DU TRESOR,0,2027-02-25,2507655,EUR,95.022,PERC,,TWEM,TWEM,TRADEWEB,1,D2C,MTF,DBFTFB,'3605495440058878162
2022-07-06 07:44:20.867000,FR0014003513,Corporate bond,DIRECTION GENERALE DU TRESOR,0,2027-02-25,538789,EUR,94.929,PERC,,TWEM,TWEM,TRADEWEB,1,D2C,MTF,DBFTFB,'3605495440058876423
2022-07-05 15:16:17.580000,FR0014003513,Corporate bond,DIRECTION GENERALE DU TRESOR,0,2027-02-25,15000,EUR,94.882,PERC,,TWEM,TWEM,TRADEWEB,1,D2C,MTF,DBFTFB,'3605494340547254080
2022-07-05 13:56:53.607000,FR0014003513,Corporate bond,DIRECTION GENERALE DU TRESOR,0,2027-02-25,100000,EUR,94.791,PERC,,TWEM,TWEM,TRADEWEB,1,D2C,MTF,DBFTFB,'3605494340547252742
2022-07-05 05:03:48.000000,FR0014003513,Corporate bond,DIRECTION GENERALE DU TRESOR,0,2027-02-25,260927000,EUR,93.915761,PERC,IDAF,TWEM,TWEM,TRADEWEB,10,D2C,MTF,DBFTFB,'7208374042443645600
2022-07-04 15:22:48.319000,FR0014003513,Corporate bond,DIRECTION GENERALE DU TRESOR,0,2027-02-25,1121000,EUR,94.175,PERC,,TWEM,TWEM,TRADEWEB,1,D2C,MTF,DBFTFB,'3605493241035625896
2022-07-04 15:15:23.171000,FR0014003513,Corporate bond,DIRECTION GENERALE DU TRESOR,0,2027-02-25,1130000,EUR,94.179,PERC,,TWEM,TWEM,TRADEWEB,1,D2C,MTF,DBFTFB,'3605493241035625684
2022-07-04 15:15:10.748000,FR0014003513,Corporate bond,DIRECTION GENERALE DU TRESOR,0,2027-02-25,4000,EUR,94.214,PERC,,TWEM,TWEM,TRADEWEB,1,D2C,MTF,DBFTFB,'3605493241035625544
2022-07-04 10:29:23.854000,FR0014003513,Corporate bond,DIRECTION GENERALE DU TRESOR,0,2027-02-25,1000000,EUR,94.388,PERC,,TWEM,TWEM,TRADEWEB,1,D2C,MTF,DBFTFB,'3605493241035622658
2022-07-04 10:00:22.065000,FR0014003513,Corporate bond,DIRECTION GENERALE DU TRESOR,0,2027-02-25,171833,EUR,94.369,PERC,,TWEM,TWEM,TRADEWEB,1,D2C,MTF,DBFTFB,'3605493241035622389
2022-07-04 08:54:14.861000,FR0014003513,Corporate bond,DIRECTION GENERALE DU TRESOR,0,2027-02-25,50000,EUR,94.571,PERC,,TWEM,TWEM,TRADEWEB,1,D2C,MTF,DBFTFB,'3605493241035621469
2022-07-01 15:50:54.944000,FR0014003513,Corporate bond,DIRECTION GENERALE DU TRESOR,0,2027-02-25,1394000,EUR,94.812,PERC,,TWEM,TWEM,TRADEWEB,1,D2C,MTF,DBFTFB,'3605489942500743932
2022-07-01 15:17:36.928000,FR0014003513,Corporate bond,DIRECTION GENERALE DU TRESOR,0,2027-02-25,1394000,EUR,94.878,PERC,,TWEM,TWEM,TRADEWEB,1,D2C,MTF,DBFTFB,'3605489942500743680
2022-07-01 15:14:42.813000,FR0014003513,Corporate bond,DIRECTION GENERALE DU TRESOR,0,2027-02-25,1394000,EUR,94.924,PERC,,TWEM,TWEM,TRADEWEB,1,D2C,MTF,DBFTFB,'3605489942500743510
2022-07-01 15:13:46.310000,FR0014003513,Corporate bond,DIRECTION GENERALE DU TRESOR,0,2027-02-25,430000,EUR,94.879,PERC,,TWEM,TWEM,TRADEWEB,1,D2C,MTF,DBFTFB,'3605489942500743406
2022-07-01 13:48:46.761000,FR0014003513,Corporate bond,DIRECTION GENERALE DU TRESOR,0,2027-02-25,50000,EUR,94.799,PERC,,TWEM,TWEM,TRADEWEB,1,D2C,MTF,DBFTFB,'3605489942500742181
2022-07-01 13:13:07.634000,FR0014003513,Corporate bond,DIRECTION GENERALE DU TRESOR,0,2027-02-25,50000,EUR,94.827,PERC,,TWEM,TWEM,TRADEWEB,1,D2C,MTF,DBFTFB,'3605489942500741695
2022-07-01 13:12:13.662000,FR0014003513,Corporate bond,DIRECTION GENERALE DU TRESOR,0,2027-02-25,1000000,EUR,94.764,PERC,,TWEM,TWEM,TRADEWEB,1,D2C,MTF,DBFTFB,'3605489942500741682
2022-07-01 13:09:44.745000,FR0014003513,Corporate bond,DIRECTION GENERALE DU TRESOR,0,2027-02-25,70000,EUR,94.747,PERC,,TWEM,TWEM,TRADEWEB,1,D2C,MTF,DBFTFB,'3605489942500741639
2022-07-01 11:23:41.900000,FR0014003513,Corporate bond,DIRECTION GENERALE DU TRESOR,0,2027-02-25,2900000,EUR,94.402,PERC,,TWEM,TWEM,TRADEWEB,1,D2C,MTF,DBFTFB,'3605489942500740213
2022-07-01 09:01:27.628000,FR0014003513,Corporate bond,DIRECTION GENERALE DU TRESOR,0,2027-02-25,1200000,EUR,93.958,PERC,,TWEM,TWEM,TRADEWEB,1,D2C,MTF,DBFTFB,'3605489942500738671
2022-07-01 07:51:37.473000,FR0014003513,Corporate bond,DIRECTION GENERALE DU TRESOR,0,2027-02-25,22000,EUR,94.135,PERC,,TWEM,TWEM,TRADEWEB,1,D2C,MTF,DBFTFB,'3605489942500737752
2022-07-01 06:31:40.562000,FR0014003513,Corporate bond,DIRECTION GENERALE DU TRESOR,0,2027-02-25,120000,EUR,94.124,PERC,,TWEM,TWEM,TRADEWEB,1,D2C,MTF,DBFTFB,'3605489942500737032
2022-06-30 15:27:28.355000,FR0014003513,Corporate bond,DIRECTION GENERALE DU TRESOR,0,2027-02-25,83000,EUR,94.025,PERC,,TWEM,TWEM,TRADEWEB,1,D2C,MTF,DBFTFB,'3605488842989119003
2022-06-30 15:16:33.923000,FR0014003513,Corporate bond,DIRECTION GENERALE DU TRESOR,0,2027-02-25,74000,EUR,94.03,PERC,,TWEM,TWEM,TRADEWEB,1,D2C,MTF,DBFTFB,'3605488842989118168
2022-06-30 15:15:55.088000,FR0014003513,Corporate bond,DIRECTION GENERALE DU TRESOR,0,2027-02-25,256000,EUR,93.994,PERC,,TWEM,TWEM,TRADEWEB,1,D2C,MTF,DBFTFB,'3605488842989117646
2022-06-30 15:15:47.504000,FR0014003513,Corporate bond,DIRECTION GENERALE DU TRESOR,0,2027-02-25,3000,EUR,94.042,PERC,,TWEM,TWEM,TRADEWEB,1,D2C,MTF,DBFTFB,'3605488842989117512
2022-06-30 15:15:47.339000,FR0014003513,Corporate bond,DIRECTION GENERALE DU TRESOR,0,2027-02-25,38000,EUR,94.044,PERC,,TWEM,TWEM,TRADEWEB,1,D2C,MTF,DBFTFB,'3605488842989117510
2022-06-30 15:15:35.628000,FR0014003513,Corporate bond,DIRECTION GENERALE DU TRESOR,0,2027-02-25,165000,EUR,93.996,PERC,,TWEM,TWEM,TRADEWEB,1,D2C,MTF,DBFTFB,'3605488842989117214
2022-06-30 15:15:27.325000,FR0014003513,Corporate bond,DIRECTION GENERALE DU TRESOR,0,2027-02-25,3000,EUR,94.045,PERC,,TWEM,TWEM,TRADEWEB,1,D2C,MTF,DBFTFB,'3605488842989117053
2022-06-30 15:13:50.832000,FR0014003513,Corporate bond,DIRECTION GENERALE DU TRESOR,0,2027-02-25,210000,EUR,94.036,PERC,,TWEM,TWEM,TRADEWEB,1,D2C,MTF,DBFTFB,'3605488842989115951
2022-06-30 15:13:13.269000,FR0014003513,Corporate bond,DIRECTION GENERALE DU TRESOR,0,2027-02-25,300000,EUR,93.991,PERC,,TWEM,TWEM,TRADEWEB,1,D2C,MTF,DBFTFB,'3605488842989115672
2022-06-30 12:56:28.020000,FR0014003513,Corporate bond,DIRECTION GENERALE DU TRESOR,0,2027-02-25,,EUR,94.033,PERC,TPAC VOLO,TWEM,TWEM,TRADEWEB,1,D2C,MTF,DBFTFB,'7208372942932018113
2022-06-30 12:23:36.253000,FR0014003513,Corporate bond,DIRECTION GENERALE DU TRESOR,0,2027-02-25,2000000,EUR,94,PERC,,TWEM,TWEM,TRADEWEB,1,D2C,MTF,DBFTFB,'3605488842989112943
2022-06-30 11:48:22.004000,FR0014003513,Corporate bond,DIRECTION GENERALE DU TRESOR,0,2027-02-25,700000,EUR,93.947,PERC,,TWEM,TWEM,TRADEWEB,1,D2C,MTF,DBFTFB,'3605488842989112479
2022-06-30 10:10:00.140000,FR0014003513,Corporate bond,DIRECTION GENERALE DU TRESOR,0,2027-02-25,1600000,EUR,93.78,PERC,,TWEM,TWEM,TRADEWEB,1,D2C,MTF,DBFTFB,'3605488842989111562
2022-06-30 07:13:56.877000,FR0014003513,Corporate bond,DIRECTION GENERALE DU TRESOR,0,2027-02-25,500000,EUR,93.863,PERC,,TWEM,TWEM,TRADEWEB,1,D2C,MTF,DBFTFB,'3605488842989109458
2022-06-29 14:51:23.245000,FR0014003513,Corporate bond,DIRECTION GENERALE DU TRESOR,0,2027-02-25,8219,EUR,93.267,PERC,,TWEM,TWEM,TRADEWEB,1,D2C,MTF,DBFTFB,'3605487743477486735
2022-06-29 07:06:40.233000,FR0014003513,Corporate bond,DIRECTION GENERALE DU TRESOR,0,2027-02-25,61000,EUR,92.993,PERC,,TWEM,TWEM,TRADEWEB,1,D2C,MTF,DBFTFB,'3605487743477481596
2022-06-28 15:28:57.091000,FR0014003513,Corporate bond,DIRECTION GENERALE DU TRESOR,0,2027-02-25,7487,EUR,92.759,PERC,,TWEM,TWEM,TRADEWEB,1,D2C,MTF,DBFTFB,'3605486643965859593
2022-06-28 15:15:44.128000,FR0014003513,Corporate bond,DIRECTION GENERALE DU TRESOR,0,2027-02-25,400000,EUR,92.754,PERC,,TWEM,TWEM,TRADEWEB,1,D2C,MTF,DBFTFB,'3605486643965859100
2022-06-28 12:52:32.703000,FR0014003513,Corporate bond,DIRECTION GENERALE DU TRESOR,0,2027-02-25,8000,EUR,92.768,PERC,,TWEM,TWEM,TRADEWEB,1,D2C,MTF,DBFTFB,'3605486643965857175
2022-06-28 05:03:46.000000,FR0014003513,Corporate bond,DIRECTION GENERALE DU TRESOR,0,2027-02-25,44437828,EUR,92.498959,PERC,IDAF,TWEM,TWEM,TRADEWEB,8,D2C,MTF,DBFTFB,'7208366345862251259
2022-06-27 15:48:22.590000,FR0014003513,Corporate bond,DIRECTION GENERALE DU TRESOR,0,2027-02-25,6557,EUR,93.114,PERC,,TWEM,TWEM,TRADEWEB,1,D2C,MTF,DBFTFB,'3605485544454231839
2022-06-27 15:13:05.546000,FR0014003513,Corporate bond,DIRECTION GENERALE DU TRESOR,0,2027-02-25,125000,EUR,93.206,PERC,,TWEM,TWEM,TRADEWEB,1,D2C,MTF,DBFTFB,'3605485544454231142
2022-06-27 12:01:03.861000,FR0014003513,Corporate bond,DIRECTION GENERALE DU TRESOR,0,2027-02-25,251000,EUR,93.167,PERC,,TWEM,TWEM,TRADEWEB,1,D2C,MTF,DBFTFB,'3605485544454228870
2022-06-24 15:10:11.183000,FR0014003513,Corporate bond,DIRECTION GENERALE DU TRESOR,0,2027-02-25,600000,EUR,93.681,PERC,,TWEM,TWEM,TRADEWEB,1,D2C,MTF,DBFTFB,'3605482245919347671
2022-06-24 14:55:56.432000,FR0014003513,Corporate bond,DIRECTION GENERALE DU TRESOR,0,2027-02-25,2560,EUR,93.582,PERC,,TWEM,TWEM,TRADEWEB,1,D2C,MTF,DBFTFB,'3605482245919347448
2022-06-24 14:22:12.682000,FR0014003513,Corporate bond,DIRECTION GENERALE DU TRESOR,0,2027-02-25,800000,EUR,93.645,PERC,,TWEM,TWEM,TRADEWEB,1,D2C,MTF,DBFTFB,'3605482245919347062
2022-06-23 08:41:13.921000,FR0014003513,Corporate bond,DIRECTION GENERALE DU TRESOR,0,2027-02-25,800000,EUR,93.457,PERC,,TWEM,TWEM,TRADEWEB,1,D2C,MTF,DBFTFB,'3605481146407715969
2022-06-23 07:34:13.825000,FR0014003513,Corporate bond,DIRECTION GENERALE DU TRESOR,0,2027-02-25,1179000,EUR,93.195,PERC,,TWEM,TWEM,TRADEWEB,1,D2C,MTF,DBFTFB,'3605481146407715124
2022-06-22 15:16:06.019000,FR0014003513,Corporate bond,DIRECTION GENERALE DU TRESOR,0,2027-02-25,50000,EUR,92.539,PERC,,TWEM,TWEM,TRADEWEB,1,D2C,MTF,DBFTFB,'3605480046896092995
2022-06-22 15:15:04.875000,FR0014003513,Corporate bond,DIRECTION GENERALE DU TRESOR,0,2027-02-25,2000,EUR,92.571,PERC,,TWEM,TWEM,TRADEWEB,1,D2C,MTF,DBFTFB,'3605480046896092922
2022-06-22 15:14:02.563000,FR0014003513,Corporate bond,DIRECTION GENERALE DU TRESOR,0,2027-02-25,200000,EUR,92.548,PERC,,TWEM,TWEM,TRADEWEB,1,D2C,MTF,DBFTFB,'3605480046896092836
2022-06-22 15:13:05.110000,FR0014003513,Corporate bond,DIRECTION GENERALE DU TRESOR,0,2027-02-25,120000,EUR,92.568,PERC,,TWEM,TWEM,TRADEWEB,1,D2C,MTF,DBFTFB,'3605480046896092769
2022-06-22 08:12:16.998000,FR0014003513,Corporate bond,DIRECTION GENERALE DU TRESOR,0,2027-02-25,50000,EUR,92.26,PERC,,TWEM,TWEM,TRADEWEB,1,D2C,MTF,DBFTFB,'3605480046896087804
2022-06-21 15:48:19.504000,FR0014003513,Corporate bond,DIRECTION GENERALE DU TRESOR,0,2027-02-25,313000,EUR,91.907,PERC,,TWEM,TWEM,TRADEWEB,1,D2C,MTF,DBFTFB,'3605478947384466142
2022-06-21 15:13:19.216000,FR0014003513,Corporate bond,DIRECTION GENERALE DU TRESOR,0,2027-02-25,925000,EUR,91.891,PERC,,TWEM,TWEM,TRADEWEB,1,D2C,MTF,DBFTFB,'3605478947384465780
2022-06-21 12:19:41.303000,FR0014003513,Corporate bond,DIRECTION GENERALE DU TRESOR,0,2027-02-25,300000,EUR,91.976,PERC,,TWEM,TWEM,TRADEWEB,1,D2C,MTF,DBFTFB,'3605478947384463434
2022-06-21 10:35:00.389000,FR0014003513,Corporate bond,DIRECTION GENERALE DU TRESOR,0,2027-02-25,1000000,EUR,91.928,PERC,,TWEM,TWEM,TRADEWEB,1,D2C,MTF,DBFTFB,'3605478947384462559
2022-06-21 09:59:10.543000,FR0014003513,Corporate bond,DIRECTION GENERALE DU TRESOR,0,2027-02-25,2500000,EUR,92.018,PERC,,TWEM,TWEM,TRADEWEB,1,D2C,MTF,DBFTFB,'3605478947384461895
2022-06-21 08:37:16.450000,FR0014003513,Corporate bond,DIRECTION GENERALE DU TRESOR,0,2027-02-25,600000,EUR,92.025,PERC,,TWEM,TWEM,TRADEWEB,1,D2C,MTF,DBFTFB,'3605478947384460599
2022-06-21 08:36:50.750000,FR0014003513,Corporate bond,DIRECTION GENERALE DU TRESOR,0,2027-02-25,100000,EUR,92.02,PERC,,TWEM,TWEM,TRADEWEB,1,D2C,MTF,DBFTFB,'3605478947384460579
2022-06-21 07:36:00.451000,FR0014003513,Corporate bond,DIRECTION GENERALE DU TRESOR,0,2027-02-25,200000,EUR,92.059,PERC,,TWEM,TWEM,TRADEWEB,1,D2C,MTF,DBFTFB,'3605478947384459762
2022-06-21 05:03:31.000000,FR0014003513,Corporate bond,DIRECTION GENERALE DU TRESOR,0,2027-02-25,181050000,EUR,91.879993,PERC,IDAF,TWEM,TWEM,TRADEWEB,7,D2C,MTF,DBFTFB,'7208358649280856704
2022-06-20 15:54:53.315000,FR0014003513,Corporate bond,DIRECTION GENERALE DU TRESOR,0,2027-02-25,280000,EUR,91.938,PERC,,TWEM,TWEM,TRADEWEB,1,D2C,MTF,DBFTFB,'3605477847872837587
2022-06-20 15:48:15.046000,FR0014003513,Corporate bond,DIRECTION GENERALE DU TRESOR,0,2027-02-25,109635,EUR,91.975,PERC,,TWEM,TWEM,TRADEWEB,1,D2C,MTF,DBFTFB,'3605477847872837496
2022-06-20 15:14:06.486000,FR0014003513,Corporate bond,DIRECTION GENERALE DU TRESOR,0,2027-02-25,100000,EUR,92.02,PERC,,TWEM,TWEM,TRADEWEB,1,D2C,MTF,DBFTFB,'3605477847872837204
2022-06-17 15:15:06.699000,FR0014003513,Corporate bond,DIRECTION GENERALE DU TRESOR,0,2027-02-25,312000,EUR,92.263,PERC,,TWEM,TWEM,TRADEWEB,1,D2C,MTF,DBFTFB,'3605474549337954741
2022-06-16 15:52:46.624000,FR0014003513,Corporate bond,DIRECTION GENERALE DU TRESOR,0,2027-02-25,592000,EUR,91.984,PERC,,TWEM,TWEM,TRADEWEB,1,D2C,MTF,DBFTFB,'3605473449826327970
2022-06-16 15:18:24.141000,FR0014003513,Corporate bond,DIRECTION GENERALE DU TRESOR,0,2027-02-25,2000,EUR,92.01,PERC,,TWEM,TWEM,TRADEWEB,1,D2C,MTF,DBFTFB,'3605473449826327654
2022-06-16 15:14:17.972000,FR0014003513,Corporate bond,DIRECTION GENERALE DU TRESOR,0,2027-02-25,431000,EUR,92.058,PERC,,TWEM,TWEM,TRADEWEB,1,D2C,MTF,DBFTFB,'3605473449826327410
2022-06-16 15:13:36.895000,FR0014003513,Corporate bond,DIRECTION GENERALE DU TRESOR,0,2027-02-25,600000,EUR,92.015,PERC,,TWEM,TWEM,TRADEWEB,1,D2C,MTF,DBFTFB,'3605473449826327268
2022-06-16 08:07:55.556000,FR0014003513,Corporate bond,DIRECTION GENERALE DU TRESOR,0,2027-02-25,1372000,EUR,91.836,PERC,,TWEM,TWEM,TRADEWEB,1,D2C,MTF,DBFTFB,'3605473449826321323
2022-06-16 07:17:35.410000,FR0014003513,Corporate bond,DIRECTION GENERALE DU TRESOR,0,2027-02-25,2507798,EUR,92.245,PERC,,TWEM,TWEM,TRADEWEB,1,D2C,MTF,DBFTFB,'3605473449826320620
2022-06-15 15:50:21.665000,FR0014003513,Corporate bond,DIRECTION GENERALE DU TRESOR,0,2027-02-25,81000,EUR,92.355,PERC,,TWEM,TWEM,TRADEWEB,1,D2C,MTF,DBFTFB,'3605472350314702224
2022-06-15 15:15:52.024000,FR0014003513,Corporate bond,DIRECTION GENERALE DU TRESOR,0,2027-02-25,400000,EUR,92.392,PERC,,TWEM,TWEM,TRADEWEB,1,D2C,MTF,DBFTFB,'3605472350314701514
2022-06-15 15:14:50.828000,FR0014003513,Corporate bond,DIRECTION GENERALE DU TRESOR,0,2027-02-25,161638,EUR,92.36,PERC,,TWEM,TWEM,TRADEWEB,1,D2C,MTF,DBFTFB,'3605472350314701368
2022-06-15 14:04:49.984000,FR0014003513,Corporate bond,DIRECTION GENERALE DU TRESOR,0,2027-02-25,650000,EUR,92.54,PERC,,TWEM,TWEM,TRADEWEB,1,D2C,MTF,DBFTFB,'3605472350314699838
2022-06-15 11:07:05.429000,FR0014003513,Corporate bond,DIRECTION GENERALE DU TRESOR,0,2027-02-25,50000,EUR,92.052,PERC,,TWEM,TWEM,TRADEWEB,1,D2C,MTF,DBFTFB,'3605472350314697448
2022-06-15 08:17:11.243000,FR0014003513,Corporate bond,DIRECTION GENERALE DU TRESOR,0,2027-02-25,15678,EUR,91.789,PERC,,TWEM,TWEM,TRADEWEB,1,D2C,MTF,DBFTFB,'3605472350314693908
2022-06-14 15:31:11.650000,FR0014003513,Corporate bond,DIRECTION GENERALE DU TRESOR,0,2027-02-25,91000,EUR,91.636,PERC,,TWEM,TWEM,TRADEWEB,1,D2C,MTF,DBFTFB,'3605471250803073021
2022-06-14 15:23:02.824000,FR0014003513,Corporate bond,DIRECTION GENERALE DU TRESOR,0,2027-02-25,340000,EUR,91.745,PERC,,TWEM,TWEM,TRADEWEB,1,D2C,MTF,DBFTFB,'3605471250803072847
2022-06-14 15:13:04.610000,FR0014003513,Corporate bond,DIRECTION GENERALE DU TRESOR,0,2027-02-25,525000,EUR,91.76,PERC,,TWEM,TWEM,TRADEWEB,1,D2C,MTF,DBFTFB,'3605471250803072497
2022-06-14 05:03:22.000000,FR0014003513,Corporate bond,DIRECTION GENERALE DU TRESOR,0,2027-02-25,95775000,EUR,93.637022,PERC,IDAF,TWEM,TWEM,TRADEWEB,5,D2C,MTF,DBFTFB,'7208350952699462252
2022-06-13 15:13:04.181000,FR0014003513,Corporate bond,DIRECTION GENERALE DU TRESOR,0,2027-02-25,325000,EUR,91.957,PERC,,TWEM,TWEM,TRADEWEB,1,D2C,MTF,DBFTFB,'3605470151291444723
2022-06-13 15:06:31.146000,FR0014003513,Corporate bond,DIRECTION GENERALE DU TRESOR,0,2027-02-25,393000,EUR,92,PERC,,TWEM,TWEM,TRADEWEB,1,D2C,MTF,DBFTFB,'3605470151291444578
2022-06-13 15:02:48.466000,FR0014003513,Corporate bond,DIRECTION GENERALE DU TRESOR,0,2027-02-25,502000,EUR,92.005,PERC,,TWEM,TWEM,TRADEWEB,1,D2C,MTF,DBFTFB,'3605470151291444425
2022-06-13 14:48:55.767000,FR0014003513,Corporate bond,DIRECTION GENERALE DU TRESOR,0,2027-02-25,1000000,EUR,92.01,PERC,,TWEM,TWEM,TRADEWEB,1,D2C,MTF,DBFTFB,'3605470151291444188
2022-06-13 11:52:30.215000,FR0014003513,Corporate bond,DIRECTION GENERALE DU TRESOR,0,2027-02-25,2000000,EUR,91.959,PERC,,TWEM,TWEM,TRADEWEB,1,D2C,MTF,DBFTFB,'3605470151291441409
2022-06-13 09:10:06.040000,FR0014003513,Corporate bond,DIRECTION GENERALE DU TRESOR,0,2027-02-25,530000,EUR,92.203,PERC,,TWEM,TWEM,TRADEWEB,1,D2C,MTF,DBFTFB,'3605470151291439090
2022-06-13 08:35:16.123000,FR0014003513,Corporate bond,DIRECTION GENERALE DU TRESOR,0,2027-02-25,1500000,EUR,92.261,PERC,,TWEM,TWEM,TRADEWEB,1,D2C,MTF,DBFTFB,'3605470151291438409
2022-06-13 08:10:14.107000,FR0014003513,Corporate bond,DIRECTION GENERALE DU TRESOR,0,2027-02-25,439000,EUR,92.395,PERC,,TWEM,TWEM,TRADEWEB,1,D2C,MTF,DBFTFB,'3605470151291438073
2022-06-10 15:13:13.347000,FR0014003513,Corporate bond,DIRECTION GENERALE DU TRESOR,0,2027-02-25,410000,EUR,92.87,PERC,,TWEM,TWEM,TRADEWEB,1,D2C,MTF,DBFTFB,'3605466852756559792
2022-06-10 07:07:13.066000,FR0014003513,Corporate bond,DIRECTION GENERALE DU TRESOR,0,2027-02-25,250000,EUR,93.373,PERC,,TWEM,TWEM,TRADEWEB,1,D2C,MTF,DBFTFB,'3605466852756553850
2022-06-09 15:14:07.044000,FR0014003513,Corporate bond,DIRECTION GENERALE DU TRESOR,0,2027-02-25,190000,EUR,93.488,PERC,,TWEM,TWEM,TRADEWEB,1,D2C,MTF,DBFTFB,'3605465753244931788
2022-06-09 15:13:38.460000,FR0014003513,Corporate bond,DIRECTION GENERALE DU TRESOR,0,2027-02-25,900000,EUR,93.464,PERC,,TWEM,TWEM,TRADEWEB,1,D2C,MTF,DBFTFB,'3605465753244931660
2022-06-09 11:51:19.592000,FR0014003513,Corporate bond,DIRECTION GENERALE DU TRESOR,0,2027-02-25,150000,EUR,93.878,PERC,,TWEM,TWEM,TRADEWEB,1,D2C,MTF,DBFTFB,'3605465753244928821
2022-06-09 08:12:01.929000,FR0014003513,Corporate bond,DIRECTION GENERALE DU TRESOR,0,2027-02-25,160000,EUR,94.172,PERC,,TWEM,TWEM,TRADEWEB,1,D2C,MTF,DBFTFB,'3605465753244926766
2022-06-08 15:15:02.648000,FR0014003513,Corporate bond,DIRECTION GENERALE DU TRESOR,0,2027-02-25,2000,EUR,94.089,PERC,,TWEM,TWEM,TRADEWEB,1,D2C,MTF,DBFTFB,'3605464653733303751
2022-06-08 15:14:06.868000,FR0014003513,Corporate bond,DIRECTION GENERALE DU TRESOR,0,2027-02-25,300000,EUR,94.055,PERC,,TWEM,TWEM,TRADEWEB,1,D2C,MTF,DBFTFB,'3605464653733303683
2022-06-08 15:13:05.639000,FR0014003513,Corporate bond,DIRECTION GENERALE DU TRESOR,0,2027-02-25,500000,EUR,94.062,PERC,,TWEM,TWEM,TRADEWEB,1,D2C,MTF,DBFTFB,'3605464653733303617
2022-06-08 14:45:17.772000,FR0014003513,Corporate bond,DIRECTION GENERALE DU TRESOR,0,2027-02-25,800000,EUR,94.048,PERC,,TWEM,TWEM,TRADEWEB,1,D2C,MTF,DBFTFB,'3605464653733303346
2022-06-08 12:15:50.964000,FR0014003513,Corporate bond,DIRECTION GENERALE DU TRESOR,0,2027-02-25,3108,EUR,94.046,PERC,,TWEM,TWEM,TRADEWEB,1,D2C,MTF,DBFTFB,'3605464653733301713
2022-06-08 12:11:44.098000,FR0014003513,Corporate bond,DIRECTION GENERALE DU TRESOR,0,2027-02-25,1000000,EUR,94.057,PERC,,TWEM,TWEM,TRADEWEB,1,D2C,MTF,DBFTFB,'3605464653733301687
2022-06-08 09:54:29.380000,FR0014003513,Corporate bond,DIRECTION GENERALE DU TRESOR,0,2027-02-25,800000,EUR,94.12,PERC,,TWEM,TWEM,TRADEWEB,1,D2C,MTF,DBFTFB,'3605464653733300532
2022-06-07 15:15:28.657000,FR0014003513,Corporate bond,DIRECTION GENERALE DU TRESOR,0,2027-02-25,307000,EUR,94.35,PERC,,TWEM,TWEM,TRADEWEB,1,D2C,MTF,DBFTFB,'3605463554221676292
2022-06-07 15:14:06.363000,FR0014003513,Corporate bond,DIRECTION GENERALE DU TRESOR,0,2027-02-25,1250000,EUR,94.335,PERC,,TWEM,TWEM,TRADEWEB,1,D2C,MTF,DBFTFB,'3605463554221676100
2022-06-07 15:13:11.612000,FR0014003513,Corporate bond,DIRECTION GENERALE DU TRESOR,0,2027-02-25,350000,EUR,94.324,PERC,,TWEM,TWEM,TRADEWEB,1,D2C,MTF,DBFTFB,'3605463554221676020
2022-06-07 14:37:28.802000,FR0014003513,Corporate bond,DIRECTION GENERALE DU TRESOR,0,2027-02-25,536000,EUR,94.295,PERC,,TWEM,TWEM,TRADEWEB,1,D2C,MTF,DBFTFB,'3605463554221675604
2022-06-07 05:03:54.000000,FR0014003513,Corporate bond,DIRECTION GENERALE DU TRESOR,0,2027-02-25,289226570,EUR,95.034509,PERC,IDAF,TWEM,TWEM,TRADEWEB,5,D2C,MTF,DBFTFB,'7208343256118067780
2022-06-06 15:32:26.843000,FR0014003513,Corporate bond,DIRECTION GENERALE DU TRESOR,0,2027-02-25,1089000,EUR,94.174,PERC,,TWEM,TWEM,TRADEWEB,1,D2C,MTF,DBFTFB,'3605462454710045902
2022-06-06 11:07:24.899000,FR0014003513,Corporate bond,DIRECTION GENERALE DU TRESOR,0,2027-02-25,250000,EUR,94.385,PERC,,TWEM,TWEM,TRADEWEB,1,D2C,MTF,DBFTFB,'3605462454710044335
2022-06-03 15:14:14.613000,FR0014003513,Corporate bond,DIRECTION GENERALE DU TRESOR,0,2027-02-25,200000,EUR,94.34,PERC,,TWEM,TWEM,TRADEWEB,1,D2C,MTF,DBFTFB,'3605459156175163588
2022-06-03 13:54:20.463000,FR0014003513,Corporate bond,DIRECTION GENERALE DU TRESOR,0,2027-02-25,2500000,EUR,94.377,PERC,,TWEM,TWEM,TRADEWEB,1,D2C,MTF,DBFTFB,'3605459156175162930
2022-06-03 13:04:08.924000,FR0014003513,Corporate bond,DIRECTION GENERALE DU TRESOR,0,2027-02-25,800000,EUR,94.408,PERC,,TWEM,TWEM,TRADEWEB,1,D2C,MTF,DBFTFB,'3605459156175162566
2022-06-03 10:34:33.837000,FR0014003513,Corporate bond,DIRECTION GENERALE DU TRESOR,0,2027-02-25,324000,EUR,94.42,PERC,,TWEM,TWEM,TRADEWEB,1,D2C,MTF,DBFTFB,'3605459156175161251
2022-06-02 15:02:26.176000,FR0014003513,Corporate bond,DIRECTION GENERALE DU TRESOR,0,2027-02-25,22000,EUR,94.556,PERC,,TWEM,TWEM,TRADEWEB,1,D2C,MTF,DBFTFB,'3605458056663534371
2022-06-02 13:33:44.495000,FR0014003513,Corporate bond,DIRECTION GENERALE DU TRESOR,0,2027-02-25,500000,EUR,94.678,PERC,,TWEM,TWEM,TRADEWEB,1,D2C,MTF,DBFTFB,'3605458056663533797
2022-06-02 11:26:31.960000,FR0014003513,Corporate bond,DIRECTION GENERALE DU TRESOR,0,2027-02-25,980000,EUR,94.72,PERC,,TWEM,TWEM,TRADEWEB,1,D2C,MTF,DBFTFB,'3605458056663533216
2022-06-02 06:54:26.855000,FR0014003513,Corporate bond,DIRECTION GENERALE DU TRESOR,0,2027-02-25,330000,EUR,94.823,PERC,,TWEM,TWEM,TRADEWEB,1,D2C,MTF,DBFTFB,'3605458056663531541
2022-06-01 15:14:17.100000,FR0014003513,Corporate bond,DIRECTION GENERALE DU TRESOR,0,2027-02-25,50000,EUR,94.898,PERC,,TWEM,TWEM,TRADEWEB,1,D2C,MTF,DBFTFB,'3605456957151910083
2022-06-01 13:49:59.674000,FR0014003513,Corporate bond,DIRECTION GENERALE DU TRESOR,0,2027-02-25,1500000,EUR,95.107,PERC,,TWEM,TWEM,TRADEWEB,1,D2C,MTF,DBFTFB,'3605456957151908737
2022-06-01 12:50:45.285000,FR0014003513,Corporate bond,DIRECTION GENERALE DU TRESOR,0,2027-02-25,300000,EUR,95.088,PERC,,TWEM,TWEM,TRADEWEB,1,D2C,MTF,DBFTFB,'3605456957151907994
2022-06-01 12:11:49.132000,FR0014003513,Corporate bond,DIRECTION GENERALE DU TRESOR,0,2027-02-25,1690000,EUR,95.065,PERC,,TWEM,TWEM,TRADEWEB,1,D2C,MTF,DBFTFB,'3605456957151907578
2022-06-01 09:44:52.245000,FR0014003513,Corporate bond,DIRECTION GENERALE DU TRESOR,0,2027-02-25,1000,EUR,95.074,PERC,,TWEM,TWEM,TRADEWEB,1,D2C,MTF,DBFTFB,'3605456957151905946
2022-06-01 09:33:06.305000,FR0014003513,Corporate bond,DIRECTION GENERALE DU TRESOR,0,2027-02-25,1200000,EUR,95.08,PERC,,TWEM,TWEM,TRADEWEB,1,D2C,MTF,DBFTFB,'3605456957151905815
2022-06-01 07:28:09.094000,FR0014003513,Corporate bond,DIRECTION GENERALE DU TRESOR,0,2027-02-25,443645,EUR,95.028,PERC,,TWEM,TWEM,TRADEWEB,1,D2C,MTF,DBFTFB,'3605456957151904084
2022-05-31 15:19:56.948000,FR0014003513,Corporate bond,DIRECTION GENERALE DU TRESOR,0,2027-02-25,1104000,EUR,95.1,PERC,,TWEM,TWEM,TRADEWEB,1,D2C,MTF,DBFTFB,'3605455857640284834
2022-05-31 15:18:59.214000,FR0014003513,Corporate bond,DIRECTION GENERALE DU TRESOR,0,2027-02-25,9000,EUR,95.113,PERC,,TWEM,TWEM,TRADEWEB,1,D2C,MTF,DBFTFB,'3605455857640284551
2022-05-31 15:17:32.051000,FR0014003513,Corporate bond,DIRECTION GENERALE DU TRESOR,0,2027-02-25,3000,EUR,95.102,PERC,,TWEM,TWEM,TRADEWEB,1,D2C,MTF,DBFTFB,'3605455857640284299
2022-05-31 15:15:42.370000,FR0014003513,Corporate bond,DIRECTION GENERALE DU TRESOR,0,2027-02-25,359000,EUR,95.104,PERC,,TWEM,TWEM,TRADEWEB,1,D2C,MTF,DBFTFB,'3605455857640283879
2022-05-31 15:15:29.881000,FR0014003513,Corporate bond,DIRECTION GENERALE DU TRESOR,0,2027-02-25,633000,EUR,95.104,PERC,,TWEM,TWEM,TRADEWEB,1,D2C,MTF,DBFTFB,'3605455857640283610
2022-05-31 15:15:28.977000,FR0014003513,Corporate bond,DIRECTION GENERALE DU TRESOR,0,2027-02-25,120000,EUR,95.11,PERC,,TWEM,TWEM,TRADEWEB,1,D2C,MTF,DBFTFB,'3605455857640283598
2022-05-31 15:15:20.053000,FR0014003513,Corporate bond,DIRECTION GENERALE DU TRESOR,0,2027-02-25,112000,EUR,95.101,PERC,,TWEM,TWEM,TRADEWEB,1,D2C,MTF,DBFTFB,'3605455857640283397
2022-05-31 15:14:55.407000,FR0014003513,Corporate bond,DIRECTION GENERALE DU TRESOR,0,2027-02-25,428000,EUR,95.093,PERC,,TWEM,TWEM,TRADEWEB,1,D2C,MTF,DBFTFB,'3605455857640282960
2022-05-31 15:14:09.790000,FR0014003513,Corporate bond,DIRECTION GENERALE DU TRESOR,0,2027-02-25,80000,EUR,95.085,PERC,,TWEM,TWEM,TRADEWEB,1,D2C,MTF,DBFTFB,'3605455857640282461
2022-05-31 15:14:05.762000,FR0014003513,Corporate bond,DIRECTION GENERALE DU TRESOR,0,2027-02-25,200000,EUR,95.087,PERC,,TWEM,TWEM,TRADEWEB,1,D2C,MTF,DBFTFB,'3605455857640282404
2022-05-31 15:13:13.336000,FR0014003513,Corporate bond,DIRECTION GENERALE DU TRESOR,0,2027-02-25,325000,EUR,95.11,PERC,,TWEM,TWEM,TRADEWEB,1,D2C,MTF,DBFTFB,'3605455857640282099
2022-05-31 15:11:38.131000,FR0014003513,Corporate bond,DIRECTION GENERALE DU TRESOR,0,2027-02-25,4000,EUR,95.081,PERC,,TWEM,TWEM,TRADEWEB,1,D2C,MTF,DBFTFB,'3605455857640281993
2022-05-31 14:59:52.680000,FR0014003513,Corporate bond,DIRECTION GENERALE DU TRESOR,0,2027-02-25,268000,EUR,95.078,PERC,,TWEM,TWEM,TRADEWEB,1,D2C,MTF,DBFTFB,'3605455857640281436
2022-05-31 05:03:12.000000,FR0014003513,Corporate bond,DIRECTION GENERALE DU TRESOR,0,2027-02-25,72780000,EUR,95.613263,PERC,IDAF,TWEM,TWEM,TRADEWEB,5,D2C,MTF,DBFTFB,'7208335559536673252
2022-05-30 15:15:29.226000,FR0014003513,Corporate bond,DIRECTION GENERALE DU TRESOR,0,2027-02-25,1350000,EUR,95.466,PERC,,TWEM,TWEM,TRADEWEB,1,D2C,MTF,DBFTFB,'3605454758128653437
2022-05-30 14:11:17.816000,FR0014003513,Corporate bond,DIRECTION GENERALE DU TRESOR,0,2027-02-25,100000,EUR,95.369,PERC,,TWEM,TWEM,TRADEWEB,1,D2C,MTF,DBFTFB,'3605454758128652687
2022-05-27 15:56:51.623000,FR0014003513,Corporate bond,DIRECTION GENERALE DU TRESOR,0,2027-02-25,46000,EUR,95.877,PERC,,TWEM,TWEM,TRADEWEB,1,D2C,MTF,DBFTFB,'3605451459593769988
2022-05-27 15:13:12.367000,FR0014003513,Corporate bond,DIRECTION GENERALE DU TRESOR,0,2027-02-25,545000,EUR,95.836,PERC,,TWEM,TWEM,TRADEWEB,1,D2C,MTF,DBFTFB,'3605451459593769752
2022-05-27 08:14:05.205000,FR0014003513,Corporate bond,DIRECTION GENERALE DU TRESOR,0,2027-02-25,1308,EUR,95.793,PERC,,TWEM,TWEM,TRADEWEB,1,D2C,MTF,DBFTFB,'3605451459593765489
2022-05-25 15:12:55.963000,FR0014003513,Corporate bond,DIRECTION GENERALE DU TRESOR,0,2027-02-25,500000,EUR,95.851,PERC,,TWEM,TWEM,TRADEWEB,1,D2C,MTF,DBFTFB,'3605449260570514915
2022-05-25 15:07:38.730000,FR0014003513,Corporate bond,DIRECTION GENERALE DU TRESOR,0,2027-02-25,1200000,EUR,95.856,PERC,,TWEM,TWEM,TRADEWEB,1,D2C,MTF,DBFTFB,'3605449260570514851
2022-05-24 15:34:18.289000,FR0014003513,Corporate bond,DIRECTION GENERALE DU TRESOR,0,2027-02-25,107000,EUR,95.767,PERC,,TWEM,TWEM,TRADEWEB,1,D2C,MTF,DBFTFB,'3605448161058887030
2022-05-24 15:14:07.160000,FR0014003513,Corporate bond,DIRECTION GENERALE DU TRESOR,0,2027-02-25,990000,EUR,95.774,PERC,,TWEM,TWEM,TRADEWEB,1,D2C,MTF,DBFTFB,'3605448161058886699
2022-05-24 15:14:03.811000,FR0014003513,Corporate bond,DIRECTION GENERALE DU TRESOR,0,2027-02-25,150000,EUR,95.774,PERC,,TWEM,TWEM,TRADEWEB,1,D2C,MTF,DBFTFB,'3605448161058886708
2022-05-24 15:13:09.181000,FR0014003513,Corporate bond,DIRECTION GENERALE DU TRESOR,0,2027-02-25,300000,EUR,95.773,PERC,,TWEM,TWEM,TRADEWEB,1,D2C,MTF,DBFTFB,'3605448161058886634
2022-05-24 09:07:37.824000,FR0014003513,Corporate bond,DIRECTION GENERALE DU TRESOR,0,2027-02-25,,EUR,95.599,PERC,TPAC VOLO,TWEM,TWEM,TRADEWEB,1,D2C,MTF,DBFTFB,'7208330061978534463
2022-05-24 09:07:37.824000,FR0014003513,Corporate bond,DIRECTION GENERALE DU TRESOR,0,2027-02-25,75000000,EUR,95.599,PERC,FULV SIZE TPAC,TWEM,TWEM,TRADEWEB,1,D2C,MTF,DBFTFB,'7208360848304111961
2022-05-24 08:57:18.265000,FR0014003513,Corporate bond,DIRECTION GENERALE DU TRESOR,0,2027-02-25,1000000,EUR,95.673,PERC,,TWEM,TWEM,TRADEWEB,1,D2C,MTF,DBFTFB,'3605448161058882942
2022-05-23 15:49:14.881000,FR0014003513,Corporate bond,DIRECTION GENERALE DU TRESOR,0,2027-02-25,403000,EUR,95.499,PERC,,TWEM,TWEM,TRADEWEB,1,D2C,MTF,DBFTFB,'3605447061547259387
2022-05-23 15:14:06.655000,FR0014003513,Corporate bond,DIRECTION GENERALE DU TRESOR,0,2027-02-25,100000,EUR,95.525,PERC,,TWEM,TWEM,TRADEWEB,1,D2C,MTF,DBFTFB,'3605447061547259006
2022-05-23 13:54:18.181000,FR0014003513,Corporate bond,DIRECTION GENERALE DU TRESOR,0,2027-02-25,40000,EUR,95.658,PERC,,TWEM,TWEM,TRADEWEB,1,D2C,MTF,DBFTFB,'3605447061547258051
2022-05-23 09:51:53.228000,FR0014003513,Corporate bond,DIRECTION GENERALE DU TRESOR,0,2027-02-25,1200000,EUR,95.607,PERC,,TWEM,TWEM,TRADEWEB,1,D2C,MTF,DBFTFB,'3605447061547255621
2022-05-23 08:31:15.042000,FR0014003513,Corporate bond,DIRECTION GENERALE DU TRESOR,0,2027-02-25,1317000,EUR,95.675,PERC,,TWEM,TWEM,TRADEWEB,1,D2C,MTF,DBFTFB,'3605447061547254653
2022-05-20 15:24:37.441000,FR0014003513,Corporate bond,DIRECTION GENERALE DU TRESOR,0,2027-02-25,121000,EUR,95.857,PERC,,TWEM,TWEM,TRADEWEB,1,D2C,MTF,DBFTFB,'3605443763012376022
2022-05-20 15:13:10.864000,FR0014003513,Corporate bond,DIRECTION GENERALE DU TRESOR,0,2027-02-25,575000,EUR,95.869,PERC,,TWEM,TWEM,TRADEWEB,1,D2C,MTF,DBFTFB,'3605443763012375679
2022-05-20 11:26:15.641000,FR0014003513,Corporate bond,DIRECTION GENERALE DU TRESOR,0,2027-02-25,,EUR,95.699,PERC,TPAC VOLO,TWEM,TWEM,TRADEWEB,1,D2C,MTF,DBFTFB,'7208327862955284904
2022-05-20 11:26:15.641000,FR0014003513,Corporate bond,DIRECTION GENERALE DU TRESOR,0,2027-02-25,39900000,EUR,95.699,PERC,FULV SIZE TPAC,TWEM,TWEM,TRADEWEB,1,D2C,MTF,DBFTFB,'7208358649280863245
2022-05-20 08:20:23.159000,FR0014003513,Corporate bond,DIRECTION GENERALE DU TRESOR,0,2027-02-25,963897,EUR,95.765,PERC,,TWEM,TWEM,TRADEWEB,1,D2C,MTF,DBFTFB,'3605443763012371355
2022-05-20 07:13:05.598000,FR0014003513,Corporate bond,DIRECTION GENERALE DU TRESOR,0,2027-02-25,120000,EUR,95.636,PERC,,TWEM,TWEM,TRADEWEB,1,D2C,MTF,DBFTFB,'3605443763012370667
2022-05-19 15:13:28.245000,FR0014003513,Corporate bond,DIRECTION GENERALE DU TRESOR,0,2027-02-25,650000,EUR,95.794,PERC,,TWEM,TWEM,TRADEWEB,1,D2C,MTF,DBFTFB,'3605442663500747899
2022-05-19 13:05:07.128000,FR0014003513,Corporate bond,DIRECTION GENERALE DU TRESOR,0,2027-02-25,400000,EUR,95.952,PERC,,TWEM,TWEM,TRADEWEB,1,D2C,MTF,DBFTFB,'3605442663500746588
2022-05-19 07:40:22.540000,FR0014003513,Corporate bond,DIRECTION GENERALE DU TRESOR,0,2027-02-25,327814,EUR,95.756,PERC,,TWEM,TWEM,TRADEWEB,1,D2C,MTF,DBFTFB,'3605442663500743133
2022-05-18 15:16:30.833000,FR0014003513,Corporate bond,DIRECTION GENERALE DU TRESOR,0,2027-02-25,1967120,EUR,95.596,PERC,,TWEM,TWEM,TRADEWEB,1,D2C,MTF,DBFTFB,'3605441563989120051
2022-05-18 15:14:31.159000,FR0014003513,Corporate bond,DIRECTION GENERALE DU TRESOR,0,2027-02-25,100000,EUR,95.604,PERC,,TWEM,TWEM,TRADEWEB,1,D2C,MTF,DBFTFB,'3605441563989119955
2022-05-18 12:23:47.681000,FR0014003513,Corporate bond,DIRECTION GENERALE DU TRESOR,0,2027-02-25,1300000,EUR,95.275,PERC,,TWEM,TWEM,TRADEWEB,1,D2C,MTF,DBFTFB,'3605441563989117871
2022-05-17 12:18:03.214000,FR0014003513,Corporate bond,DIRECTION GENERALE DU TRESOR,0,2027-02-25,250000,EUR,95.671,PERC,,TWEM,TWEM,TRADEWEB,1,D2C,MTF,DBFTFB,'3605440464477490008
2022-05-17 10:15:53.897000,FR0014003513,Corporate bond,DIRECTION GENERALE DU TRESOR,0,2027-02-25,1000000,EUR,95.86,PERC,,TWEM,TWEM,TRADEWEB,1,D2C,MTF,DBFTFB,'3605440464477489098
2022-05-17 08:56:54.953000,FR0014003513,Corporate bond,DIRECTION GENERALE DU TRESOR,0,2027-02-25,1000000,EUR,95.878,PERC,,TWEM,TWEM,TRADEWEB,1,D2C,MTF,DBFTFB,'3605440464477488249
2022-05-17 05:03:34.000000,FR0014003513,Corporate bond,DIRECTION GENERALE DU TRESOR,0,2027-02-25,31268000,EUR,96.187145,PERC,IDAF,TWEM,TWEM,TRADEWEB,5,D2C,MTF,DBFTFB,'7208320166373884651
2022-05-16 16:18:21.175000,FR0014003513,Corporate bond,DIRECTION GENERALE DU TRESOR,0,2027-02-25,400000,EUR,96.092,PERC,,TWEM,TWEM,TRADEWEB,1,D2C,MTF,DBFTFB,'3605439364965864915
2022-05-16 15:15:02.055000,FR0014003513,Corporate bond,DIRECTION GENERALE DU TRESOR,0,2027-02-25,200000,EUR,96.078,PERC,,TWEM,TWEM,TRADEWEB,1,D2C,MTF,DBFTFB,'3605439364965864737
2022-05-16 15:14:07.790000,FR0014003513,Corporate bond,DIRECTION GENERALE DU TRESOR,0,2027-02-25,50000,EUR,96.077,PERC,,TWEM,TWEM,TRADEWEB,1,D2C,MTF,DBFTFB,'3605439364965864661
2022-05-16 15:13:22.650000,FR0014003513,Corporate bond,DIRECTION GENERALE DU TRESOR,0,2027-02-25,275000,EUR,96.072,PERC,,TWEM,TWEM,TRADEWEB,1,D2C,MTF,DBFTFB,'3605439364965864582
2022-05-16 10:23:49.845000,FR0014003513,Corporate bond,DIRECTION GENERALE DU TRESOR,0,2027-02-25,152000,EUR,95.878,PERC,,TWEM,TWEM,TRADEWEB,1,D2C,MTF,DBFTFB,'3605439364965861777
2022-05-13 15:49:30.681000,FR0014003513,Corporate bond,DIRECTION GENERALE DU TRESOR,0,2027-02-25,328000,EUR,96.138,PERC,,TWEM,TWEM,TRADEWEB,1,D2C,MTF,DBFTFB,'3605436066430981965
2022-05-13 15:15:44.271000,FR0014003513,Corporate bond,DIRECTION GENERALE DU TRESOR,0,2027-02-25,753000,EUR,96.086,PERC,,TWEM,TWEM,TRADEWEB,1,D2C,MTF,DBFTFB,'3605436066430981734
2022-05-13 15:14:22.134000,FR0014003513,Corporate bond,DIRECTION GENERALE DU TRESOR,0,2027-02-25,1000000,EUR,96.094,PERC,,TWEM,TWEM,TRADEWEB,1,D2C,MTF,DBFTFB,'3605436066430981444
2022-05-13 15:13:20.280000,FR0014003513,Corporate bond,DIRECTION GENERALE DU TRESOR,0,2027-02-25,70000,EUR,96.079,PERC,,TWEM,TWEM,TRADEWEB,1,D2C,MTF,DBFTFB,'3605436066430981263
2022-05-12 16:01:25.539000,FR0014003513,Corporate bond,DIRECTION GENERALE DU TRESOR,0,2027-02-25,1267000,EUR,96.508,PERC,,TWEM,TWEM,TRADEWEB,1,D2C,MTF,DBFTFB,'3605434966919354794
2022-05-12 15:21:12.533000,FR0014003513,Corporate bond,DIRECTION GENERALE DU TRESOR,0,2027-02-25,1500000,EUR,96.385,PERC,,TWEM,TWEM,TRADEWEB,1,D2C,MTF,DBFTFB,'3605434966919354567
2022-05-12 15:14:37.601000,FR0014003513,Corporate bond,DIRECTION GENERALE DU TRESOR,0,2027-02-25,200000,EUR,96.359,PERC,,TWEM,TWEM,TRADEWEB,1,D2C,MTF,DBFTFB,'3605434966919354411
2022-05-12 15:13:10.009000,FR0014003513,Corporate bond,DIRECTION GENERALE DU TRESOR,0,2027-02-25,575000,EUR,96.379,PERC,,TWEM,TWEM,TRADEWEB,1,D2C,MTF,DBFTFB,'3605434966919354289
2022-05-12 13:37:07.511000,FR0014003513,Corporate bond,DIRECTION GENERALE DU TRESOR,0,2027-02-25,1000,EUR,96.463,PERC,,TWEM,TWEM,TRADEWEB,1,D2C,MTF,DBFTFB,'3605434966919353051
2022-05-12 12:53:48.058000,FR0014003513,Corporate bond,DIRECTION GENERALE DU TRESOR,0,2027-02-25,1150000,EUR,96.503,PERC,,TWEM,TWEM,TRADEWEB,1,D2C,MTF,DBFTFB,'3605434966919352288
2022-05-12 12:21:51.622000,FR0014003513,Corporate bond,DIRECTION GENERALE DU TRESOR,0,2027-02-25,100000,EUR,96.469,PERC,,TWEM,TWEM,TRADEWEB,1,D2C,MTF,DBFTFB,'3605434966919351954
2022-05-12 11:50:57.144000,FR0014003513,Corporate bond,DIRECTION GENERALE DU TRESOR,0,2027-02-25,96000,EUR,96.536,PERC,,TWEM,TWEM,TRADEWEB,1,D2C,MTF,DBFTFB,'3605434966919351509
2022-05-12 11:27:12.665000,FR0014003513,Corporate bond,DIRECTION GENERALE DU TRESOR,0,2027-02-25,329000,EUR,96.394,PERC,,TWEM,TWEM,TRADEWEB,1,D2C,MTF,DBFTFB,'3605434966919351370
2022-05-12 08:38:10.758000,FR0014003513,Corporate bond,DIRECTION GENERALE DU TRESOR,0,2027-02-25,110953,EUR,96.321,PERC,,TWEM,TWEM,TRADEWEB,1,D2C,MTF,DBFTFB,'3605434966919349451
2022-05-12 06:48:46.094000,FR0014003513,Corporate bond,DIRECTION GENERALE DU TRESOR,0,2027-02-25,21000,EUR,96.107,PERC,,TWEM,TWEM,TRADEWEB,1,D2C,MTF,DBFTFB,'3605434966919348238
2022-05-11 15:14:09.034000,FR0014003513,Corporate bond,DIRECTION GENERALE DU TRESOR,0,2027-02-25,250000,EUR,95.69,PERC,,TWEM,TWEM,TRADEWEB,1,D2C,MTF,DBFTFB,'3605433867407726603
2022-05-11 08:58:05.694000,FR0014003513,Corporate bond,DIRECTION GENERALE DU TRESOR,0,2027-02-25,,EUR,95.946,PERC,TPAC VOLO,TWEM,TWEM,TRADEWEB,1,D2C,MTF,DBFTFB,'7208315768327373351
2022-05-11 08:58:05.694000,FR0014003513,Corporate bond,DIRECTION GENERALE DU TRESOR,0,2027-02-25,15700000,EUR,95.946,PERC,FULV SIZE TPAC,TWEM,TWEM,TRADEWEB,1,D2C,MTF,DBFTFB,'7208346554652950594
2022-05-10 15:39:37.330000,FR0014003513,Corporate bond,DIRECTION GENERALE DU TRESOR,0,2027-02-25,465000,EUR,95.642,PERC,,TWEM,TWEM,TRADEWEB,1,D2C,MTF,DBFTFB,'3605432767896099617
2022-05-10 15:15:42.971000,FR0014003513,Corporate bond,DIRECTION GENERALE DU TRESOR,0,2027-02-25,7000,EUR,95.698,PERC,,TWEM,TWEM,TRADEWEB,1,D2C,MTF,DBFTFB,'3605432767896099358
2022-05-10 15:15:32.564000,FR0014003513,Corporate bond,DIRECTION GENERALE DU TRESOR,0,2027-02-25,351000,EUR,95.693,PERC,,TWEM,TWEM,TRADEWEB,1,D2C,MTF,DBFTFB,'3605432767896099312
2022-05-10 15:14:36.343000,FR0014003513,Corporate bond,DIRECTION GENERALE DU TRESOR,0,2027-02-25,200000,EUR,95.66,PERC,,TWEM,TWEM,TRADEWEB,1,D2C,MTF,DBFTFB,'3605432767896099216
2022-05-10 15:14:06.521000,FR0014003513,Corporate bond,DIRECTION GENERALE DU TRESOR,0,2027-02-25,150000,EUR,95.64,PERC,,TWEM,TWEM,TRADEWEB,1,D2C,MTF,DBFTFB,'3605432767896099130
2022-05-10 15:13:57.243000,FR0014003513,Corporate bond,DIRECTION GENERALE DU TRESOR,0,2027-02-25,1168000,EUR,95.639,PERC,,TWEM,TWEM,TRADEWEB,1,D2C,MTF,DBFTFB,'3605432767896099118
2022-05-10 14:03:59.304000,FR0014003513,Corporate bond,DIRECTION GENERALE DU TRESOR,0,2027-02-25,33000,EUR,95.69,PERC,,TWEM,TWEM,TRADEWEB,1,D2C,MTF,DBFTFB,'3605432767896098129
2022-05-10 13:22:20.554000,FR0014003513,Corporate bond,DIRECTION GENERALE DU TRESOR,0,2027-02-25,1000000,EUR,95.725,PERC,,TWEM,TWEM,TRADEWEB,1,D2C,MTF,DBFTFB,'3605432767896097261
2022-05-10 12:21:43.516000,FR0014003513,Corporate bond,DIRECTION GENERALE DU TRESOR,0,2027-02-25,1500000,EUR,95.611,PERC,,TWEM,TWEM,TRADEWEB,1,D2C,MTF,DBFTFB,'3605432767896096443
2022-05-10 05:03:45.000000,FR0014003513,Corporate bond,DIRECTION GENERALE DU TRESOR,0,2027-02-25,86360000,EUR,95.491698,PERC,IDAF,TWEM,TWEM,TRADEWEB,9,D2C,MTF,DBFTFB,'7208312469792490052
2022-05-09 13:52:20.962000,FR0014003513,Corporate bond,DIRECTION GENERALE DU TRESOR,0,2027-02-25,61000,EUR,95.163,PERC,,TWEM,TWEM,TRADEWEB,1,D2C,MTF,DBFTFB,'3605431668384470149
2022-05-06 15:15:04.033000,FR0014003513,Corporate bond,DIRECTION GENERALE DU TRESOR,0,2027-02-25,259000,EUR,94.868,PERC,,TWEM,TWEM,TRADEWEB,1,D2C,MTF,DBFTFB,'3605428369849595031
2022-05-06 15:13:45.201000,FR0014003513,Corporate bond,DIRECTION GENERALE DU TRESOR,0,2027-02-25,20000,EUR,94.885,PERC,,TWEM,TWEM,TRADEWEB,1,D2C,MTF,DBFTFB,'3605428369849594751
2022-05-05 15:38:14.398000,FR0014003513,Corporate bond,DIRECTION GENERALE DU TRESOR,0,2027-02-25,1300000,EUR,95.359,PERC,,TWEM,TWEM,TRADEWEB,1,D2C,MTF,DBFTFB,'3605427270337959146
2022-05-05 15:14:08.698000,FR0014003513,Corporate bond,DIRECTION GENERALE DU TRESOR,0,2027-02-25,850000,EUR,95.399,PERC,,TWEM,TWEM,TRADEWEB,1,D2C,MTF,DBFTFB,'3605427270337958834
2022-05-05 15:13:38.356000,FR0014003513,Corporate bond,DIRECTION GENERALE DU TRESOR,0,2027-02-25,1550000,EUR,95.417,PERC,,TWEM,TWEM,TRADEWEB,1,D2C,MTF,DBFTFB,'3605427270337958752
2022-05-05 15:13:35.332000,FR0014003513,Corporate bond,DIRECTION GENERALE DU TRESOR,0,2027-02-25,200000,EUR,95.419,PERC,,TWEM,TWEM,TRADEWEB,1,D2C,MTF,DBFTFB,'3605427270337958745
2022-05-05 13:34:19.540000,FR0014003513,Corporate bond,DIRECTION GENERALE DU TRESOR,0,2027-02-25,450000,EUR,95.722,PERC,,TWEM,TWEM,TRADEWEB,1,D2C,MTF,DBFTFB,'3605427270337957542
2022-05-05 12:58:19.989000,FR0014003513,Corporate bond,DIRECTION GENERALE DU TRESOR,0,2027-02-25,29000,EUR,95.869,PERC,,TWEM,TWEM,TRADEWEB,1,D2C,MTF,DBFTFB,'3605427270337957179
2022-05-05 09:40:36.257000,FR0014003513,Corporate bond,DIRECTION GENERALE DU TRESOR,0,2027-02-25,179000,EUR,95.554,PERC,,TWEM,TWEM,TRADEWEB,1,D2C,MTF,DBFTFB,'3605427270337955560
2022-05-04 15:40:34.845000,FR0014003513,Corporate bond,DIRECTION GENERALE DU TRESOR,0,2027-02-25,164000,EUR,95.532,PERC,,TWEM,TWEM,TRADEWEB,1,D2C,MTF,DBFTFB,'3605426170826331002
2022-05-04 15:15:07.625000,FR0014003513,Corporate bond,DIRECTION GENERALE DU TRESOR,0,2027-02-25,100000,EUR,95.497,PERC,,TWEM,TWEM,TRADEWEB,1,D2C,MTF,DBFTFB,'3605426170826330799
2022-05-04 15:14:05.936000,FR0014003513,Corporate bond,DIRECTION GENERALE DU TRESOR,0,2027-02-25,840000,EUR,95.49,PERC,,TWEM,TWEM,TRADEWEB,1,D2C,MTF,DBFTFB,'3605426170826330713
2022-05-04 15:13:12.184000,FR0014003513,Corporate bond,DIRECTION GENERALE DU TRESOR,0,2027-02-25,830000,EUR,95.495,PERC,,TWEM,TWEM,TRADEWEB,1,D2C,MTF,DBFTFB,'3605426170826330632
2022-05-04 11:39:13.390000,FR0014003513,Corporate bond,DIRECTION GENERALE DU TRESOR,0,2027-02-25,139000,EUR,95.526,PERC,,TWEM,TWEM,TRADEWEB,1,D2C,MTF,DBFTFB,'3605426170826328542
2022-05-04 10:36:47.714000,FR0014003513,Corporate bond,DIRECTION GENERALE DU TRESOR,0,2027-02-25,1500000,EUR,95.554,PERC,,TWEM,TWEM,TRADEWEB,1,D2C,MTF,DBFTFB,'3605426170826328081
2022-05-04 08:40:24.804000,FR0014003513,Corporate bond,DIRECTION GENERALE DU TRESOR,0,2027-02-25,79300000,EUR,95.452,PERC,FULV SIZE TPAC,TWEM,TWEM,TRADEWEB,1,D2C,MTF,DBFTFB,'7208338858071556135
2022-05-04 08:40:24.804000,FR0014003513,Corporate bond,DIRECTION GENERALE DU TRESOR,0,2027-02-25,,EUR,95.452,PERC,TPAC VOLO,TWEM,TWEM,TRADEWEB,1,D2C,MTF,DBFTFB,'7208308071745983419
2022-05-03 15:14:03.175000,FR0014003513,Corporate bond,DIRECTION GENERALE DU TRESOR,0,2027-02-25,500000,EUR,95.75,PERC,,TWEM,TWEM,TRADEWEB,1,D2C,MTF,DBFTFB,'3605425071314703285
2022-05-03 15:00:34.561000,FR0014003513,Corporate bond,DIRECTION GENERALE DU TRESOR,0,2027-02-25,1648000,EUR,95.774,PERC,,TWEM,TWEM,TRADEWEB,1,D2C,MTF,DBFTFB,'3605425071314703064
2022-05-03 10:10:52.611000,FR0014003513,Corporate bond,DIRECTION GENERALE DU TRESOR,0,2027-02-25,54850000,EUR,95.642,PERC,FULV SIZE TPAC,TWEM,TWEM,TRADEWEB,1,D2C,MTF,DBFTFB,'7208337758559928373
2022-05-03 10:10:52.611000,FR0014003513,Corporate bond,DIRECTION GENERALE DU TRESOR,0,2027-02-25,,EUR,95.642,PERC,TPAC VOLO,TWEM,TWEM,TRADEWEB,1,D2C,MTF,DBFTFB,'7208306972234351757
2022-05-03 10:00:50.292000,FR0014003513,Corporate bond,DIRECTION GENERALE DU TRESOR,0,2027-02-25,100000,EUR,95.619,PERC,,TWEM,TWEM,TRADEWEB,1,D2C,MTF,DBFTFB,'3605425071314700374
2022-05-03 09:40:11.528000,FR0014003513,Corporate bond,DIRECTION GENERALE DU TRESOR,0,2027-02-25,400000,EUR,95.586,PERC,,TWEM,TWEM,TRADEWEB,1,D2C,MTF,DBFTFB,'3605425071314700085
2022-05-03 09:08:36.112000,FR0014003513,Corporate bond,DIRECTION GENERALE DU TRESOR,0,2027-02-25,39500000,EUR,95.585,PERC,FULV SIZE TPAC,TWEM,TWEM,TRADEWEB,1,D2C,MTF,DBFTFB,'7208337758559928365
2022-05-03 09:08:36.112000,FR0014003513,Corporate bond,DIRECTION GENERALE DU TRESOR,0,2027-02-25,,EUR,95.585,PERC,TPAC VOLO,TWEM,TWEM,TRADEWEB,1,D2C,MTF,DBFTFB,'7208306972234351749
2022-05-03 05:03:04.000000,FR0014003513,Corporate bond,DIRECTION GENERALE DU TRESOR,0,2027-02-25,616824000,EUR,96.21878,PERC,IDAF,TWEM,TWEM,TRADEWEB,22,D2C,MTF,DBFTFB,'7208304773211095695
2022-05-02 15:05:01.608000,FR0014003513,Corporate bond,DIRECTION GENERALE DU TRESOR,0,2027-02-25,227000,EUR,95.773,PERC,,TWEM,TWEM,TRADEWEB,1,D2C,MTF,DBFTFB,'3605423971803074730
2022-05-02 14:25:42.744000,FR0014003513,Corporate bond,DIRECTION GENERALE DU TRESOR,0,2027-02-25,1936000,EUR,95.772,PERC,,TWEM,TWEM,TRADEWEB,1,D2C,MTF,DBFTFB,'3605423971803074367
2022-05-02 13:55:21.617000,FR0014003513,Corporate bond,DIRECTION GENERALE DU TRESOR,0,2027-02-25,50000,EUR,95.708,PERC,,TWEM,TWEM,TRADEWEB,1,D2C,MTF,DBFTFB,'3605423971803074165
2022-05-02 09:41:22.082000,FR0014003513,Corporate bond,DIRECTION GENERALE DU TRESOR,0,2027-02-25,100000,EUR,95.87,PERC,,TWEM,TWEM,TRADEWEB,1,D2C,MTF,DBFTFB,'3605423971803071957
2022-05-02 09:28:28.503000,FR0014003513,Corporate bond,DIRECTION GENERALE DU TRESOR,0,2027-02-25,996000,EUR,95.855,PERC,,TWEM,TWEM,TRADEWEB,1,D2C,MTF,DBFTFB,'3605423971803071822
2022-05-02 07:48:05.421000,FR0014003513,Corporate bond,DIRECTION GENERALE DU TRESOR,0,2027-02-25,45100000,EUR,95.724,PERC,FULV SIZE TPAC,TWEM,TWEM,TRADEWEB,1,D2C,MTF,DBFTFB,'7208336659048300717
2022-05-02 07:48:05.421000,FR0014003513,Corporate bond,DIRECTION GENERALE DU TRESOR,0,2027-02-25,,EUR,95.724,PERC,TPAC VOLO,TWEM,TWEM,TRADEWEB,1,D2C,MTF,DBFTFB,'7208305872722723164
2022-04-29 15:43:00.894000,FR0014003513,Corporate bond,DIRECTION GENERALE DU TRESOR,0,2027-02-25,609000,EUR,95.746,PERC,,TWEM,TWEM,TRADEWEB,1,D2C,MTF,DBFTFB,'3605420673268194727
2022-04-29 15:41:47.945000,FR0014003513,Corporate bond,DIRECTION GENERALE DU TRESOR,0,2027-02-25,89000,EUR,95.747,PERC,,TWEM,TWEM,TRADEWEB,1,D2C,MTF,DBFTFB,'3605420673268194699
2022-04-29 15:40:00.312000,FR0014003513,Corporate bond,DIRECTION GENERALE DU TRESOR,0,2027-02-25,1178000,EUR,95.763,PERC,,TWEM,TWEM,TRADEWEB,1,D2C,MTF,DBFTFB,'3605420673268194598
2022-04-29 15:37:45.657000,FR0014003513,Corporate bond,DIRECTION GENERALE DU TRESOR,0,2027-02-25,475000,EUR,95.765,PERC,,TWEM,TWEM,TRADEWEB,1,D2C,MTF,DBFTFB,'3605420673268194512
2022-04-29 15:34:55.776000,FR0014003513,Corporate bond,DIRECTION GENERALE DU TRESOR,0,2027-02-25,416000,EUR,95.79,PERC,,TWEM,TWEM,TRADEWEB,1,D2C,MTF,DBFTFB,'3605420673268194386
2022-04-29 15:32:30.808000,FR0014003513,Corporate bond,DIRECTION GENERALE DU TRESOR,0,2027-02-25,1663000,EUR,95.77,PERC,,TWEM,TWEM,TRADEWEB,1,D2C,MTF,DBFTFB,'3605420673268194023
2022-04-29 15:29:34.258000,FR0014003513,Corporate bond,DIRECTION GENERALE DU TRESOR,0,2027-02-25,1000000,EUR,95.774,PERC,,TWEM,TWEM,TRADEWEB,1,D2C,MTF,DBFTFB,'3605420673268193717
2022-04-29 15:24:20.655000,FR0014003513,Corporate bond,DIRECTION GENERALE DU TRESOR,0,2027-02-25,526000,EUR,95.75,PERC,,TWEM,TWEM,TRADEWEB,1,D2C,MTF,DBFTFB,'3605420673268193210
2022-04-29 15:24:00.103000,FR0014003513,Corporate bond,DIRECTION GENERALE DU TRESOR,0,2027-02-25,292000,EUR,95.721,PERC,,TWEM,TWEM,TRADEWEB,1,D2C,MTF,DBFTFB,'3605420673268193193
2022-04-29 15:18:35.101000,FR0014003513,Corporate bond,DIRECTION GENERALE DU TRESOR,0,2027-02-25,1420000,EUR,95.747,PERC,,TWEM,TWEM,TRADEWEB,1,D2C,MTF,DBFTFB,'3605420673268192997
2022-04-29 15:15:17.707000,FR0014003513,Corporate bond,DIRECTION GENERALE DU TRESOR,0,2027-02-25,170000,EUR,95.773,PERC,,TWEM,TWEM,TRADEWEB,1,D2C,MTF,DBFTFB,'3605420673268192543
2022-04-29 15:14:42.559000,FR0014003513,Corporate bond,DIRECTION GENERALE DU TRESOR,0,2027-02-25,200000,EUR,95.744,PERC,,TWEM,TWEM,TRADEWEB,1,D2C,MTF,DBFTFB,'3605420673268192394
2022-04-29 15:14:07.888000,FR0014003513,Corporate bond,DIRECTION GENERALE DU TRESOR,0,2027-02-25,100000,EUR,95.73,PERC,,TWEM,TWEM,TRADEWEB,1,D2C,MTF,DBFTFB,'3605420673268192239
2022-04-29 15:14:07.802000,FR0014003513,Corporate bond,DIRECTION GENERALE DU TRESOR,0,2027-02-25,1280000,EUR,95.73,PERC,,TWEM,TWEM,TRADEWEB,1,D2C,MTF,DBFTFB,'3605420673268192238
2022-04-29 15:13:02.645000,FR0014003513,Corporate bond,DIRECTION GENERALE DU TRESOR,0,2027-02-25,66000,EUR,95.76,PERC,,TWEM,TWEM,TRADEWEB,1,D2C,MTF,DBFTFB,'3605420673268192048
2022-04-29 15:12:39.121000,FR0014003513,Corporate bond,DIRECTION GENERALE DU TRESOR,0,2027-02-25,444000,EUR,95.742,PERC,,TWEM,TWEM,TRADEWEB,1,D2C,MTF,DBFTFB,'3605420673268191949
2022-04-29 15:11:09.154000,FR0014003513,Corporate bond,DIRECTION GENERALE DU TRESOR,0,2027-02-25,5000,EUR,95.795,PERC,,TWEM,TWEM,TRADEWEB,1,D2C,MTF,DBFTFB,'3605420673268191771
2022-04-29 15:10:37.650000,FR0014003513,Corporate bond,DIRECTION GENERALE DU TRESOR,0,2027-02-25,730000,EUR,95.762,PERC,,TWEM,TWEM,TRADEWEB,1,D2C,MTF,DBFTFB,'3605420673268191761
2022-04-29 10:14:52.433000,FR0014003513,Corporate bond,DIRECTION GENERALE DU TRESOR,0,2027-02-25,1000000,EUR,95.718,PERC,,TWEM,TWEM,TRADEWEB,1,D2C,MTF,DBFTFB,'3605420673268189046
2022-04-29 09:15:40.831000,FR0014003513,Corporate bond,DIRECTION GENERALE DU TRESOR,0,2027-02-25,50000,EUR,95.818,PERC,,TWEM,TWEM,TRADEWEB,1,D2C,MTF,DBFTFB,'3605420673268188326
2022-04-29 09:13:32.983000,FR0014003513,Corporate bond,DIRECTION GENERALE DU TRESOR,0,2027-02-25,600000,EUR,95.825,PERC,,TWEM,TWEM,TRADEWEB,1,D2C,MTF,DBFTFB,'3605420673268188283
2022-04-28 15:53:12.568000,FR0014003513,Corporate bond,DIRECTION GENERALE DU TRESOR,0,2027-02-25,228000,EUR,95.91,PERC,,TWEM,TWEM,TRADEWEB,1,D2C,MTF,DBFTFB,'3605419573756564249
2022-04-28 15:14:05.893000,FR0014003513,Corporate bond,DIRECTION GENERALE DU TRESOR,0,2027-02-25,1920000,EUR,95.906,PERC,,TWEM,TWEM,TRADEWEB,1,D2C,MTF,DBFTFB,'3605419573756563869
2022-04-28 08:00:04.150000,FR0014003513,Corporate bond,DIRECTION GENERALE DU TRESOR,0,2027-02-25,84000,EUR,96.404,PERC,,TWEM,TWEM,TRADEWEB,1,D2C,MTF,DBFTFB,'3605419573756559801
2022-04-27 15:13:04.784000,FR0014003513,Corporate bond,DIRECTION GENERALE DU TRESOR,0,2027-02-25,277000,EUR,96.365,PERC,,TWEM,TWEM,TRADEWEB,1,D2C,MTF,DBFTFB,'3605418474244936110
2022-04-27 15:11:00.550000,FR0014003513,Corporate bond,DIRECTION GENERALE DU TRESOR,0,2027-02-25,18000,EUR,96.375,PERC,,TWEM,TWEM,TRADEWEB,1,D2C,MTF,DBFTFB,'3605418474244936065
2022-04-27 12:25:31.427000,FR0014003513,Corporate bond,DIRECTION GENERALE DU TRESOR,0,2027-02-25,1000,EUR,96.294,PERC,,TWEM,TWEM,TRADEWEB,1,D2C,MTF,DBFTFB,'3605418474244934030
2022-04-27 10:00:03.090000,FR0014003513,Corporate bond,DIRECTION GENERALE DU TRESOR,0,2027-02-25,1524000,EUR,96.279,PERC,,TWEM,TWEM,TRADEWEB,1,D2C,MTF,DBFTFB,'3605418474244933406
2022-04-27 08:47:57.747000,FR0014003513,Corporate bond,DIRECTION GENERALE DU TRESOR,0,2027-02-25,500000,EUR,96.304,PERC,,TWEM,TWEM,TRADEWEB,1,D2C,MTF,DBFTFB,'3605418474244932627
2022-04-27 07:51:55.494000,FR0014003513,Corporate bond,DIRECTION GENERALE DU TRESOR,0,2027-02-25,100000,EUR,96.258,PERC,,TWEM,TWEM,TRADEWEB,1,D2C,MTF,DBFTFB,'3605418474244932045
2022-04-26 15:49:54.654000,FR0014003513,Corporate bond,DIRECTION GENERALE DU TRESOR,0,2027-02-25,97000,EUR,96.261,PERC,,TWEM,TWEM,TRADEWEB,1,D2C,MTF,DBFTFB,'3605417374733308838
2022-04-26 15:22:36.107000,FR0014003513,Corporate bond,DIRECTION GENERALE DU TRESOR,0,2027-02-25,1486000,EUR,96.31,PERC,,TWEM,TWEM,TRADEWEB,1,D2C,MTF,DBFTFB,'3605417374733308662
2022-04-26 15:15:12.890000,FR0014003513,Corporate bond,DIRECTION GENERALE DU TRESOR,0,2027-02-25,200000,EUR,96.321,PERC,,TWEM,TWEM,TRADEWEB,1,D2C,MTF,DBFTFB,'3605417374733308556
2022-04-26 15:14:07.631000,FR0014003513,Corporate bond,DIRECTION GENERALE DU TRESOR,0,2027-02-25,400000,EUR,96.299,PERC,,TWEM,TWEM,TRADEWEB,1,D2C,MTF,DBFTFB,'3605417374733308417
2022-04-26 15:13:04.508000,FR0014003513,Corporate bond,DIRECTION GENERALE DU TRESOR,0,2027-02-25,53000,EUR,96.318,PERC,,TWEM,TWEM,TRADEWEB,1,D2C,MTF,DBFTFB,'3605417374733308342
2022-04-26 14:28:20.003000,FR0014003513,Corporate bond,DIRECTION GENERALE DU TRESOR,0,2027-02-25,14000,EUR,96.223,PERC,,TWEM,TWEM,TRADEWEB,1,D2C,MTF,DBFTFB,'3605417374733307795
2022-04-26 14:28:01.307000,FR0014003513,Corporate bond,DIRECTION GENERALE DU TRESOR,0,2027-02-25,1360000,EUR,96.245,PERC,,TWEM,TWEM,TRADEWEB,1,D2C,MTF,DBFTFB,'3605417374733307785
2022-04-26 12:40:56.785000,FR0014003513,Corporate bond,DIRECTION GENERALE DU TRESOR,0,2027-02-25,1161000,EUR,96.315,PERC,,TWEM,TWEM,TRADEWEB,1,D2C,MTF,DBFTFB,'3605417374733306755
2022-04-26 12:28:18.192000,FR0014003513,Corporate bond,DIRECTION GENERALE DU TRESOR,0,2027-02-25,1400000,EUR,96.269,PERC,,TWEM,TWEM,TRADEWEB,1,D2C,MTF,DBFTFB,'3605417374733306672
2022-04-26 11:07:33.133000,FR0014003513,Corporate bond,DIRECTION GENERALE DU TRESOR,0,2027-02-25,2000,EUR,96.205,PERC,,TWEM,TWEM,TRADEWEB,1,D2C,MTF,DBFTFB,'3605417374733306019
2022-04-26 05:03:16.000000,FR0014003513,Corporate bond,DIRECTION GENERALE DU TRESOR,0,2027-02-25,83089000,EUR,95.801833,PERC,IDAF,TWEM,TWEM,TRADEWEB,12,D2C,MTF,DBFTFB,'7208297076629701172
2022-04-25 15:50:57.936000,FR0014003513,Corporate bond,DIRECTION GENERALE DU TRESOR,0,2027-02-25,250000,EUR,96.241,PERC,,TWEM,TWEM,TRADEWEB,1,D2C,MTF,DBFTFB,'3605416275221678831
2022-04-25 11:30:03.945000,FR0014003513,Corporate bond,DIRECTION GENERALE DU TRESOR,0,2027-02-25,1054000,EUR,95.812,PERC,,TWEM,TWEM,TRADEWEB,1,D2C,MTF,DBFTFB,'3605416275221677534
2022-04-25 10:18:01.615000,FR0014003513,Corporate bond,DIRECTION GENERALE DU TRESOR,0,2027-02-25,1000,EUR,95.808,PERC,,TWEM,TWEM,TRADEWEB,1,D2C,MTF,DBFTFB,'3605416275221677189
2022-04-22 15:14:07.966000,FR0014003513,Corporate bond,DIRECTION GENERALE DU TRESOR,0,2027-02-25,100000,EUR,95.586,PERC,,TWEM,TWEM,TRADEWEB,1,D2C,MTF,DBFTFB,'3605412976686796954
2022-04-22 13:30:03.285000,FR0014003513,Corporate bond,DIRECTION GENERALE DU TRESOR,0,2027-02-25,1598000,EUR,95.578,PERC,,TWEM,TWEM,TRADEWEB,1,D2C,MTF,DBFTFB,'3605412976686796049
2022-04-22 12:13:59.787000,FR0014003513,Corporate bond,DIRECTION GENERALE DU TRESOR,0,2027-02-25,2000,EUR,95.726,PERC,,TWEM,TWEM,TRADEWEB,1,D2C,MTF,DBFTFB,'3605412976686795500
2022-04-21 13:53:22.335000,FR0014003513,Corporate bond,DIRECTION GENERALE DU TRESOR,0,2027-02-25,350000,EUR,95.959,PERC,,TWEM,TWEM,TRADEWEB,1,D2C,MTF,DBFTFB,'3605411877175168738
2022-04-21 12:47:40.975000,FR0014003513,Corporate bond,DIRECTION GENERALE DU TRESOR,0,2027-02-25,100000,EUR,96.09,PERC,,TWEM,TWEM,TRADEWEB,1,D2C,MTF,DBFTFB,'3605411877175168216
2022-04-21 12:42:32.943000,FR0014003513,Corporate bond,DIRECTION GENERALE DU TRESOR,0,2027-02-25,3000,EUR,96.072,PERC,,TWEM,TWEM,TRADEWEB,1,D2C,MTF,DBFTFB,'3605411877175168177
2022-04-21 12:41:28.398000,FR0014003513,Corporate bond,DIRECTION GENERALE DU TRESOR,0,2027-02-25,2000,EUR,96.103,PERC,,TWEM,TWEM,TRADEWEB,1,D2C,MTF,DBFTFB,'3605411877175168137
2022-04-21 11:16:52.275000,FR0014003513,Corporate bond,DIRECTION GENERALE DU TRESOR,0,2027-02-25,1600000,EUR,95.964,PERC,,TWEM,TWEM,TRADEWEB,1,D2C,MTF,DBFTFB,'3605411877175167275
2022-04-21 10:34:18.461000,FR0014003513,Corporate bond,DIRECTION GENERALE DU TRESOR,0,2027-02-25,1000000,EUR,95.934,PERC,,TWEM,TWEM,TRADEWEB,1,D2C,MTF,DBFTFB,'3605411877175167000
2022-04-21 10:23:03.230000,FR0014003513,Corporate bond,DIRECTION GENERALE DU TRESOR,0,2027-02-25,500000,EUR,95.906,PERC,,TWEM,TWEM,TRADEWEB,1,D2C,MTF,DBFTFB,'3605411877175166885
2022-04-20 15:42:30.683000,FR0014003513,Corporate bond,DIRECTION GENERALE DU TRESOR,0,2027-02-25,152000,EUR,96.187,PERC,,TWEM,TWEM,TRADEWEB,1,D2C,MTF,DBFTFB,'3605410777663541733
2022-04-20 15:09:03.132000,FR0014003513,Corporate bond,DIRECTION GENERALE DU TRESOR,0,2027-02-25,500000,EUR,96.151,PERC,,TWEM,TWEM,TRADEWEB,1,D2C,MTF,DBFTFB,'3605410777663541318
2022-04-20 10:29:36.982000,FR0014003513,Corporate bond,DIRECTION GENERALE DU TRESOR,0,2027-02-25,1000,EUR,96.282,PERC,,TWEM,TWEM,TRADEWEB,1,D2C,MTF,DBFTFB,'3605410777663539024
2022-04-20 08:30:03.293000,FR0014003513,Corporate bond,DIRECTION GENERALE DU TRESOR,0,2027-02-25,1228000,EUR,96.222,PERC,,TWEM,TWEM,TRADEWEB,1,D2C,MTF,DBFTFB,'3605410777663537985
2022-04-20 06:48:26.520000,FR0014003513,Corporate bond,DIRECTION GENERALE DU TRESOR,0,2027-02-25,600000,EUR,96.012,PERC,,TWEM,TWEM,TRADEWEB,1,D2C,MTF,DBFTFB,'3605410777663537158
2022-04-19 14:16:34.530000,FR0014003513,Corporate bond,DIRECTION GENERALE DU TRESOR,0,2027-02-25,400000,EUR,95.944,PERC,,TWEM,TWEM,TRADEWEB,1,D2C,MTF,DBFTFB,'3605409678151913701
2022-04-19 11:06:33.296000,FR0014003513,Corporate bond,DIRECTION GENERALE DU TRESOR,0,2027-02-25,7000,EUR,96.003,PERC,,TWEM,TWEM,TRADEWEB,1,D2C,MTF,DBFTFB,'3605409678151912186
2022-04-19 11:03:50.277000,FR0014003513,Corporate bond,DIRECTION GENERALE DU TRESOR,0,2027-02-25,2000,EUR,95.974,PERC,,TWEM,TWEM,TRADEWEB,1,D2C,MTF,DBFTFB,'3605409678151912088
2022-04-19 11:00:03.221000,FR0014003513,Corporate bond,DIRECTION GENERALE DU TRESOR,0,2027-02-25,1518000,EUR,95.997,PERC,,TWEM,TWEM,TRADEWEB,1,D2C,MTF,DBFTFB,'3605409678151912048
2022-04-19 08:02:04.714000,FR0014003513,Corporate bond,DIRECTION GENERALE DU TRESOR,0,2027-02-25,1496000,EUR,96.075,PERC,,TWEM,TWEM,TRADEWEB,1,D2C,MTF,DBFTFB,'3605409678151910080
2022-04-19 05:02:58.000000,FR0014003513,Corporate bond,DIRECTION GENERALE DU TRESOR,0,2027-02-25,23173786,EUR,95.887685,PERC,IDAF,TWEM,TWEM,TRADEWEB,3,D2C,MTF,DBFTFB,'7208289380048306702
2022-04-14 15:14:06.546000,FR0014003513,Corporate bond,DIRECTION GENERALE DU TRESOR,0,2027-02-25,650000,EUR,96.171,PERC,,TWEM,TWEM,TRADEWEB,1,D2C,MTF,DBFTFB,'3605404180593774324
2022-04-14 15:12:01.259000,FR0014003513,Corporate bond,DIRECTION GENERALE DU TRESOR,0,2027-02-25,66000,EUR,96.162,PERC,,TWEM,TWEM,TRADEWEB,1,D2C,MTF,DBFTFB,'3605404180593774154
2022-04-14 11:13:44.896000,FR0014003513,Corporate bond,DIRECTION GENERALE DU TRESOR,0,2027-02-25,7000,EUR,96.162,PERC,,TWEM,TWEM,TRADEWEB,1,D2C,MTF,DBFTFB,'3605404180593772308
2022-04-13 10:17:45.552000,FR0014003513,Corporate bond,DIRECTION GENERALE DU TRESOR,0,2027-02-25,1000,EUR,96.081,PERC,,TWEM,TWEM,TRADEWEB,1,D2C,MTF,DBFTFB,'3605403081082144314
2022-04-13 07:50:06.776000,FR0014003513,Corporate bond,DIRECTION GENERALE DU TRESOR,0,2027-02-25,148000,EUR,95.909,PERC,,TWEM,TWEM,TRADEWEB,1,D2C,MTF,DBFTFB,'3605403081082143070
2022-04-12 15:13:08.477000,FR0014003513,Corporate bond,DIRECTION GENERALE DU TRESOR,0,2027-02-25,436000,EUR,96.162,PERC,,TWEM,TWEM,TRADEWEB,1,D2C,MTF,DBFTFB,'3605401981570519198
2022-04-12 12:32:03.331000,FR0014003513,Corporate bond,DIRECTION GENERALE DU TRESOR,0,2027-02-25,1946000,EUR,96.187,PERC,,TWEM,TWEM,TRADEWEB,1,D2C,MTF,DBFTFB,'3605401981570517846
2022-04-12 10:27:49.914000,FR0014003513,Corporate bond,DIRECTION GENERALE DU TRESOR,0,2027-02-25,4000,EUR,95.91,PERC,,TWEM,TWEM,TRADEWEB,1,D2C,MTF,DBFTFB,'3605401981570516860
2022-04-12 10:27:47.940000,FR0014003513,Corporate bond,DIRECTION GENERALE DU TRESOR,0,2027-02-25,1000,EUR,95.89,PERC,,TWEM,TWEM,TRADEWEB,1,D2C,MTF,DBFTFB,'3605401981570516858
2022-04-12 08:34:03.252000,FR0014003513,Corporate bond,DIRECTION GENERALE DU TRESOR,0,2027-02-25,1500000,EUR,95.793,PERC,,TWEM,TWEM,TRADEWEB,1,D2C,MTF,DBFTFB,'3605401981570515810
2022-04-12 05:03:23.000000,FR0014003513,Corporate bond,DIRECTION GENERALE DU TRESOR,0,2027-02-25,116503000,EUR,96.655716,PERC,IDAF,TWEM,TWEM,TRADEWEB,21,D2C,MTF,DBFTFB,'7208281683466912369
2022-04-11 15:54:46.689000,FR0014003513,Corporate bond,DIRECTION GENERALE DU TRESOR,0,2027-02-25,950000,EUR,95.938,PERC,,TWEM,TWEM,TRADEWEB,1,D2C,MTF,DBFTFB,'3605400882058891477
2022-04-11 15:13:08.502000,FR0014003513,Corporate bond,DIRECTION GENERALE DU TRESOR,0,2027-02-25,295000,EUR,95.95,PERC,,TWEM,TWEM,TRADEWEB,1,D2C,MTF,DBFTFB,'3605400882058891235
2022-04-11 11:26:30.531000,FR0014003513,Corporate bond,DIRECTION GENERALE DU TRESOR,0,2027-02-25,1000,EUR,96.036,PERC,,TWEM,TWEM,TRADEWEB,1,D2C,MTF,DBFTFB,'3605400882058889264
2022-04-11 11:26:26.924000,FR0014003513,Corporate bond,DIRECTION GENERALE DU TRESOR,0,2027-02-25,1000,EUR,96.053,PERC,,TWEM,TWEM,TRADEWEB,1,D2C,MTF,DBFTFB,'3605400882058889258
2022-04-08 15:14:07.712000,FR0014003513,Corporate bond,DIRECTION GENERALE DU TRESOR,0,2027-02-25,30000,EUR,96.219,PERC,,TWEM,TWEM,TRADEWEB,1,D2C,MTF,DBFTFB,'3605397583524007951
2022-04-08 11:15:47.589000,FR0014003513,Corporate bond,DIRECTION GENERALE DU TRESOR,0,2027-02-25,350000,EUR,96.29,PERC,,TWEM,TWEM,TRADEWEB,1,D2C,MTF,DBFTFB,'3605397583524005916
2022-04-08 10:50:17.913000,FR0014003513,Corporate bond,DIRECTION GENERALE DU TRESOR,0,2027-02-25,50000,EUR,96.325,PERC,,TWEM,TWEM,TRADEWEB,1,D2C,MTF,DBFTFB,'3605397583524005765
2022-04-08 09:08:04.676000,FR0014003513,Corporate bond,DIRECTION GENERALE DU TRESOR,0,2027-02-25,1442000,EUR,96.414,PERC,,TWEM,TWEM,TRADEWEB,1,D2C,MTF,DBFTFB,'3605397583524005100
2022-04-07 15:55:44.637000,FR0014003513,Corporate bond,DIRECTION GENERALE DU TRESOR,0,2027-02-25,120000,EUR,96.448,PERC,,TWEM,TWEM,TRADEWEB,1,D2C,MTF,DBFTFB,'3605396484012381140
2022-04-07 15:15:17.717000,FR0014003513,Corporate bond,DIRECTION GENERALE DU TRESOR,0,2027-02-25,229000,EUR,96.404,PERC,,TWEM,TWEM,TRADEWEB,1,D2C,MTF,DBFTFB,'3605396484012380847
2022-04-07 15:14:46.747000,FR0014003513,Corporate bond,DIRECTION GENERALE DU TRESOR,0,2027-02-25,300000,EUR,96.367,PERC,,TWEM,TWEM,TRADEWEB,1,D2C,MTF,DBFTFB,'3605396484012380766
2022-04-07 15:13:16.083000,FR0014003513,Corporate bond,DIRECTION GENERALE DU TRESOR,0,2027-02-25,600000,EUR,96.355,PERC,,TWEM,TWEM,TRADEWEB,1,D2C,MTF,DBFTFB,'3605396484012380567
2022-04-07 15:03:20.405000,FR0014003513,Corporate bond,DIRECTION GENERALE DU TRESOR,0,2027-02-25,30000,EUR,96.369,PERC,,TWEM,TWEM,TRADEWEB,1,D2C,MTF,DBFTFB,'3605396484012380457
2022-04-07 13:59:17.901000,FR0014003513,Corporate bond,DIRECTION GENERALE DU TRESOR,0,2027-02-25,192526,EUR,96.375,PERC,,TWEM,TWEM,TRADEWEB,1,D2C,MTF,DBFTFB,'3605396484012379573
2022-04-07 13:54:00.628000,FR0014003513,Corporate bond,DIRECTION GENERALE DU TRESOR,0,2027-02-25,6000,EUR,96.325,PERC,,TWEM,TWEM,TRADEWEB,1,D2C,MTF,DBFTFB,'3605396484012379305
2022-04-07 13:48:23.799000,FR0014003513,Corporate bond,DIRECTION GENERALE DU TRESOR,0,2027-02-25,2000,EUR,96.27,PERC,,TWEM,TWEM,TRADEWEB,1,D2C,MTF,DBFTFB,'3605396484012379200
2022-04-07 13:31:04.601000,FR0014003513,Corporate bond,DIRECTION GENERALE DU TRESOR,0,2027-02-25,62000,EUR,96.288,PERC,,TWEM,TWEM,TRADEWEB,1,D2C,MTF,DBFTFB,'3605396484012379070
2022-04-07 10:10:12.228000,FR0014003513,Corporate bond,DIRECTION GENERALE DU TRESOR,0,2027-02-25,300000,EUR,96.739,PERC,,TWEM,TWEM,TRADEWEB,1,D2C,MTF,DBFTFB,'3605396484012377853
2022-04-07 09:03:00.717000,FR0014003513,Corporate bond,DIRECTION GENERALE DU TRESOR,0,2027-02-25,1000000,EUR,96.784,PERC,,TWEM,TWEM,TRADEWEB,1,D2C,MTF,DBFTFB,'3605396484012377254
2022-04-07 08:29:13.468000,FR0014003513,Corporate bond,DIRECTION GENERALE DU TRESOR,0,2027-02-25,1200000,EUR,96.75,PERC,,TWEM,TWEM,TRADEWEB,1,D2C,MTF,DBFTFB,'3605396484012376791
2022-04-07 08:11:12.460000,FR0014003513,Corporate bond,DIRECTION GENERALE DU TRESOR,0,2027-02-25,500000,EUR,96.766,PERC,,TWEM,TWEM,TRADEWEB,1,D2C,MTF,DBFTFB,'3605396484012376651
2022-04-06 15:15:03.633000,FR0014003513,Corporate bond,DIRECTION GENERALE DU TRESOR,0,2027-02-25,600000,EUR,96.548,PERC,,TWEM,TWEM,TRADEWEB,1,D2C,MTF,DBFTFB,'3605395384500753286
2022-04-06 15:14:30.056000,FR0014003513,Corporate bond,DIRECTION GENERALE DU TRESOR,0,2027-02-25,57000,EUR,96.546,PERC,,TWEM,TWEM,TRADEWEB,1,D2C,MTF,DBFTFB,'3605395384500753242
2022-04-06 15:14:15.563000,FR0014003513,Corporate bond,DIRECTION GENERALE DU TRESOR,0,2027-02-25,2600,EUR,96.562,PERC,,TWEM,TWEM,TRADEWEB,1,D2C,MTF,DBFTFB,'3605395384500753216
2022-04-06 15:13:40.645000,FR0014003513,Corporate bond,DIRECTION GENERALE DU TRESOR,0,2027-02-25,500000,EUR,96.549,PERC,,TWEM,TWEM,TRADEWEB,1,D2C,MTF,DBFTFB,'3605395384500753160
2022-04-06 15:07:07.586000,FR0014003513,Corporate bond,DIRECTION GENERALE DU TRESOR,0,2027-02-25,360000,EUR,96.503,PERC,,TWEM,TWEM,TRADEWEB,1,D2C,MTF,DBFTFB,'3605395384500752945
2022-04-06 08:15:04.033000,FR0014003513,Corporate bond,DIRECTION GENERALE DU TRESOR,0,2027-02-25,500000,EUR,96.42,PERC,,TWEM,TWEM,TRADEWEB,1,D2C,MTF,DBFTFB,'3605395384500748909
2022-04-06 08:03:37.323000,FR0014003513,Corporate bond,DIRECTION GENERALE DU TRESOR,0,2027-02-25,600000,EUR,96.463,PERC,,TWEM,TWEM,TRADEWEB,1,D2C,MTF,DBFTFB,'3605395384500748788
2022-04-05 10:22:54.794000,FR0014003513,Corporate bond,DIRECTION GENERALE DU TRESOR,0,2027-02-25,7000,EUR,96.82,PERC,,TWEM,TWEM,TRADEWEB,1,D2C,MTF,DBFTFB,'3605394284989122660
2022-04-05 10:06:39.549000,FR0014003513,Corporate bond,DIRECTION GENERALE DU TRESOR,0,2027-02-25,75000,EUR,96.797,PERC,,TWEM,TWEM,TRADEWEB,1,D2C,MTF,DBFTFB,'3605394284989122479
2022-04-05 08:25:23.161000,FR0014003513,Corporate bond,DIRECTION GENERALE DU TRESOR,0,2027-02-25,500000,EUR,96.915,PERC,,TWEM,TWEM,TRADEWEB,1,D2C,MTF,DBFTFB,'3605394284989121312
2022-04-05 08:14:05.148000,FR0014003513,Corporate bond,DIRECTION GENERALE DU TRESOR,0,2027-02-25,250000,EUR,96.916,PERC,,TWEM,TWEM,TRADEWEB,1,D2C,MTF,DBFTFB,'3605394284989121206
2022-04-05 07:21:05.010000,FR0014003513,Corporate bond,DIRECTION GENERALE DU TRESOR,0,2027-02-25,1000000,EUR,96.921,PERC,,TWEM,TWEM,TRADEWEB,1,D2C,MTF,DBFTFB,'3605394284989120766
2022-04-05 05:03:29.000000,FR0014003513,Corporate bond,DIRECTION GENERALE DU TRESOR,0,2027-02-25,265636000,EUR,97.041696,PERC,IDAF,TWEM,TWEM,TRADEWEB,42,D2C,MTF,DBFTFB,'7208273986885518101
2022-04-04 15:14:02.558000,FR0014003513,Corporate bond,DIRECTION GENERALE DU TRESOR,0,2027-02-25,60000,EUR,97.121,PERC,,TWEM,TWEM,TRADEWEB,1,D2C,MTF,DBFTFB,'3605393185477497231
2022-04-04 14:06:41.748000,FR0014003513,Corporate bond,DIRECTION GENERALE DU TRESOR,0,2027-02-25,250000,EUR,97.079,PERC,,TWEM,TWEM,TRADEWEB,1,D2C,MTF,DBFTFB,'3605393185477496530
2022-04-04 13:58:27.674000,FR0014003513,Corporate bond,DIRECTION GENERALE DU TRESOR,0,2027-02-25,,EUR,97.195,PERC,TPAC VOLO,TWEM,TWEM,TRADEWEB,1,D2C,MTF,DBFTFB,'7208275086397145855
2022-04-04 13:58:27.674000,FR0014003513,Corporate bond,DIRECTION GENERALE DU TRESOR,0,2027-02-25,53000000,EUR,97.195,PERC,FULV SIZE TPAC,TWEM,TWEM,TRADEWEB,1,D2C,MTF,DBFTFB,'7208305872722723019
2022-04-04 12:30:03.515000,FR0014003513,Corporate bond,DIRECTION GENERALE DU TRESOR,0,2027-02-25,1190000,EUR,97.234,PERC,,TWEM,TWEM,TRADEWEB,1,D2C,MTF,DBFTFB,'3605393185477495705
2022-04-04 11:00:03.775000,FR0014003513,Corporate bond,DIRECTION GENERALE DU TRESOR,0,2027-02-25,1920000,EUR,97.228,PERC,,TWEM,TWEM,TRADEWEB,1,D2C,MTF,DBFTFB,'3605393185477494857
2022-04-04 09:35:06.140000,FR0014003513,Corporate bond,DIRECTION GENERALE DU TRESOR,0,2027-02-25,500000,EUR,97.197,PERC,,TWEM,TWEM,TRADEWEB,1,D2C,MTF,DBFTFB,'3605393185477494299
2022-04-04 08:53:40.695000,FR0014003513,Corporate bond,DIRECTION GENERALE DU TRESOR,0,2027-02-25,1000000,EUR,97.247,PERC,,TWEM,TWEM,TRADEWEB,1,D2C,MTF,DBFTFB,'3605393185477493775
2022-04-01 15:13:17.594000,FR0014003513,Corporate bond,DIRECTION GENERALE DU TRESOR,0,2027-02-25,288000,EUR,97.048,PERC,,TWEM,TWEM,TRADEWEB,1,D2C,MTF,DBFTFB,'3605389886942614324
2022-04-01 15:13:15.827000,FR0014003513,Corporate bond,DIRECTION GENERALE DU TRESOR,0,2027-02-25,295000,EUR,97.047,PERC,,TWEM,TWEM,TRADEWEB,1,D2C,MTF,DBFTFB,'3605389886942614311
2022-04-01 15:11:49.665000,FR0014003513,Corporate bond,DIRECTION GENERALE DU TRESOR,0,2027-02-25,3000,EUR,97.043,PERC,,TWEM,TWEM,TRADEWEB,1,D2C,MTF,DBFTFB,'3605389886942614236
2022-04-01 15:02:00.502000,FR0014003513,Corporate bond,DIRECTION GENERALE DU TRESOR,0,2027-02-25,196000,EUR,96.986,PERC,,TWEM,TWEM,TRADEWEB,1,D2C,MTF,DBFTFB,'3605389886942614123
2022-04-01 11:01:03.419000,FR0014003513,Corporate bond,DIRECTION GENERALE DU TRESOR,0,2027-02-25,294000,EUR,97.033,PERC,,TWEM,TWEM,TRADEWEB,1,D2C,MTF,DBFTFB,'3605389886942611931
2022-04-01 10:28:34.127000,FR0014003513,Corporate bond,DIRECTION GENERALE DU TRESOR,0,2027-02-25,1000,EUR,97.158,PERC,,TWEM,TWEM,TRADEWEB,1,D2C,MTF,DBFTFB,'3605389886942611551
2022-04-01 09:01:03.810000,FR0014003513,Corporate bond,DIRECTION GENERALE DU TRESOR,0,2027-02-25,796000,EUR,97.021,PERC,,TWEM,TWEM,TRADEWEB,1,D2C,MTF,DBFTFB,'3605389886942610482
2022-04-01 08:52:07.270000,FR0014003513,Corporate bond,DIRECTION GENERALE DU TRESOR,0,2027-02-25,250000,EUR,96.971,PERC,,TWEM,TWEM,TRADEWEB,1,D2C,MTF,DBFTFB,'3605389886942610438
2022-04-01 08:05:15.951000,FR0014003513,Corporate bond,DIRECTION GENERALE DU TRESOR,0,2027-02-25,500000,EUR,96.887,PERC,,TWEM,TWEM,TRADEWEB,1,D2C,MTF,DBFTFB,'3605389886942610040
2022-04-01 08:03:05.148000,FR0014003513,Corporate bond,DIRECTION GENERALE DU TRESOR,0,2027-02-25,456000,EUR,96.857,PERC,,TWEM,TWEM,TRADEWEB,1,D2C,MTF,DBFTFB,'3605389886942610015
2022-04-01 07:20:25.410000,FR0014003513,Corporate bond,DIRECTION GENERALE DU TRESOR,0,2027-02-25,378713,EUR,96.909,PERC,,TWEM,TWEM,TRADEWEB,1,D2C,MTF,DBFTFB,'3605389886942609698
2022-03-31 15:34:50.294000,FR0014003513,Corporate bond,DIRECTION GENERALE DU TRESOR,0,2027-02-25,600000,EUR,97.257,PERC,,TWEM,TWEM,TRADEWEB,1,D2C,MTF,DBFTFB,'3605388787430988550
2022-03-31 15:33:31.029000,FR0014003513,Corporate bond,DIRECTION GENERALE DU TRESOR,0,2027-02-25,414000,EUR,97.243,PERC,,TWEM,TWEM,TRADEWEB,1,D2C,MTF,DBFTFB,'3605388787430988472
2022-03-31 15:32:17.837000,FR0014003513,Corporate bond,DIRECTION GENERALE DU TRESOR,0,2027-02-25,800000,EUR,97.222,PERC,,TWEM,TWEM,TRADEWEB,1,D2C,MTF,DBFTFB,'3605388787430988397
2022-03-31 15:18:43.183000,FR0014003513,Corporate bond,DIRECTION GENERALE DU TRESOR,0,2027-02-25,105000,EUR,97.254,PERC,,TWEM,TWEM,TRADEWEB,1,D2C,MTF,DBFTFB,'3605388787430987827
2022-03-31 15:17:29.530000,FR0014003513,Corporate bond,DIRECTION GENERALE DU TRESOR,0,2027-02-25,1403400,EUR,97.262,PERC,,TWEM,TWEM,TRADEWEB,1,D2C,MTF,DBFTFB,'3605388787430987670
2022-03-31 15:15:59.098000,FR0014003513,Corporate bond,DIRECTION GENERALE DU TRESOR,0,2027-02-25,400000,EUR,97.234,PERC,,TWEM,TWEM,TRADEWEB,1,D2C,MTF,DBFTFB,'3605388787430987262
2022-03-31 15:15:53.099000,FR0014003513,Corporate bond,DIRECTION GENERALE DU TRESOR,0,2027-02-25,158000,EUR,97.232,PERC,,TWEM,TWEM,TRADEWEB,1,D2C,MTF,DBFTFB,'3605388787430987216
2022-03-31 15:15:52.716000,FR0014003513,Corporate bond,DIRECTION GENERALE DU TRESOR,0,2027-02-25,130000,EUR,97.233,PERC,,TWEM,TWEM,TRADEWEB,1,D2C,MTF,DBFTFB,'3605388787430987208
2022-03-31 15:15:48.380000,FR0014003513,Corporate bond,DIRECTION GENERALE DU TRESOR,0,2027-02-25,200000,EUR,97.227,PERC,,TWEM,TWEM,TRADEWEB,1,D2C,MTF,DBFTFB,'3605388787430987186
2022-03-31 15:15:34.058000,FR0014003513,Corporate bond,DIRECTION GENERALE DU TRESOR,0,2027-02-25,700000,EUR,97.219,PERC,,TWEM,TWEM,TRADEWEB,1,D2C,MTF,DBFTFB,'3605388787430987078
2022-03-31 15:15:16.222000,FR0014003513,Corporate bond,DIRECTION GENERALE DU TRESOR,0,2027-02-25,187000,EUR,97.206,PERC,,TWEM,TWEM,TRADEWEB,1,D2C,MTF,DBFTFB,'3605388787430986982
2022-03-31 15:14:48.265000,FR0014003513,Corporate bond,DIRECTION GENERALE DU TRESOR,0,2027-02-25,1500000,EUR,97.207,PERC,,TWEM,TWEM,TRADEWEB,1,D2C,MTF,DBFTFB,'3605388787430986820
2022-03-31 15:14:46.016000,FR0014003513,Corporate bond,DIRECTION GENERALE DU TRESOR,0,2027-02-25,330000,EUR,97.205,PERC,,TWEM,TWEM,TRADEWEB,1,D2C,MTF,DBFTFB,'3605388787430986806
2022-03-31 15:14:27.389000,FR0014003513,Corporate bond,DIRECTION GENERALE DU TRESOR,0,2027-02-25,106000,EUR,97.2,PERC,,TWEM,TWEM,TRADEWEB,1,D2C,MTF,DBFTFB,'3605388787430986686
2022-03-31 15:14:15.635000,FR0014003513,Corporate bond,DIRECTION GENERALE DU TRESOR,0,2027-02-25,200000,EUR,97.216,PERC,,TWEM,TWEM,TRADEWEB,1,D2C,MTF,DBFTFB,'3605388787430986615
2022-03-31 15:14:08.895000,FR0014003513,Corporate bond,DIRECTION GENERALE DU TRESOR,0,2027-02-25,1200000,EUR,97.22,PERC,,TWEM,TWEM,TRADEWEB,1,D2C,MTF,DBFTFB,'3605388787430986559
2022-03-31 15:13:47.090000,FR0014003513,Corporate bond,DIRECTION GENERALE DU TRESOR,0,2027-02-25,597000,EUR,97.23,PERC,,TWEM,TWEM,TRADEWEB,1,D2C,MTF,DBFTFB,'3605388787430986480
2022-03-31 15:11:51.993000,FR0014003513,Corporate bond,DIRECTION GENERALE DU TRESOR,0,2027-02-25,492000,EUR,97.297,PERC,,TWEM,TWEM,TRADEWEB,1,D2C,MTF,DBFTFB,'3605388787430986294
2022-03-31 15:11:48.113000,FR0014003513,Corporate bond,DIRECTION GENERALE DU TRESOR,0,2027-02-25,520000,EUR,97.3,PERC,,TWEM,TWEM,TRADEWEB,1,D2C,MTF,DBFTFB,'3605388787430986285
2022-03-31 14:00:03.947000,FR0014003513,Corporate bond,DIRECTION GENERALE DU TRESOR,0,2027-02-25,1880000,EUR,97.049,PERC,,TWEM,TWEM,TRADEWEB,1,D2C,MTF,DBFTFB,'3605388787430985272
2022-03-31 13:41:44.159000,FR0014003513,Corporate bond,DIRECTION GENERALE DU TRESOR,0,2027-02-25,31000,EUR,97.017,PERC,,TWEM,TWEM,TRADEWEB,1,D2C,MTF,DBFTFB,'3605388787430985042
2022-03-31 12:41:28.985000,FR0014003513,Corporate bond,DIRECTION GENERALE DU TRESOR,0,2027-02-25,300000,EUR,97.094,PERC,,TWEM,TWEM,TRADEWEB,1,D2C,MTF,DBFTFB,'3605388787430984508
2022-03-31 11:44:27.377000,FR0014003513,Corporate bond,DIRECTION GENERALE DU TRESOR,0,2027-02-25,5000,EUR,97.101,PERC,,TWEM,TWEM,TRADEWEB,1,D2C,MTF,DBFTFB,'3605388787430983907
2022-03-31 10:01:03.567000,FR0014003513,Corporate bond,DIRECTION GENERALE DU TRESOR,0,2027-02-25,1970000,EUR,97.097,PERC,,TWEM,TWEM,TRADEWEB,1,D2C,MTF,DBFTFB,'3605388787430983267
2022-03-31 09:42:55.995000,FR0014003513,Corporate bond,DIRECTION GENERALE DU TRESOR,0,2027-02-25,547000,EUR,97.006,PERC,,TWEM,TWEM,TRADEWEB,1,D2C,MTF,DBFTFB,'3605388787430983014
2022-03-31 08:31:02.854000,FR0014003513,Corporate bond,DIRECTION GENERALE DU TRESOR,0,2027-02-25,1745000,EUR,96.853,PERC,,TWEM,TWEM,TRADEWEB,1,D2C,MTF,DBFTFB,'3605388787430982357
2022-03-30 15:22:41.023000,FR0014003513,Corporate bond,DIRECTION GENERALE DU TRESOR,0,2027-02-25,1450000,EUR,96.677,PERC,,TWEM,TWEM,TRADEWEB,1,D2C,MTF,DBFTFB,'3605387687919358441
2022-03-30 15:14:12.413000,FR0014003513,Corporate bond,DIRECTION GENERALE DU TRESOR,0,2027-02-25,1000000,EUR,96.656,PERC,,TWEM,TWEM,TRADEWEB,1,D2C,MTF,DBFTFB,'3605387687919358242
2022-03-30 15:14:06.480000,FR0014003513,Corporate bond,DIRECTION GENERALE DU TRESOR,0,2027-02-25,100000,EUR,96.651,PERC,,TWEM,TWEM,TRADEWEB,1,D2C,MTF,DBFTFB,'3605387687919358233
2022-03-30 15:13:11.264000,FR0014003513,Corporate bond,DIRECTION GENERALE DU TRESOR,0,2027-02-25,220000,EUR,96.646,PERC,,TWEM,TWEM,TRADEWEB,1,D2C,MTF,DBFTFB,'3605387687919358155
2022-03-30 14:11:12.375000,FR0014003513,Corporate bond,DIRECTION GENERALE DU TRESOR,0,2027-02-25,1000000,EUR,96.492,PERC,,TWEM,TWEM,TRADEWEB,1,D2C,MTF,DBFTFB,'3605387687919357755
2022-03-30 12:50:27.766000,FR0014003513,Corporate bond,DIRECTION GENERALE DU TRESOR,0,2027-02-25,400000,EUR,96.598,PERC,,TWEM,TWEM,TRADEWEB,1,D2C,MTF,DBFTFB,'3605387687919357144
2022-03-30 12:00:03.578000,FR0014003513,Corporate bond,DIRECTION GENERALE DU TRESOR,0,2027-02-25,1876000,EUR,96.632,PERC,,TWEM,TWEM,TRADEWEB,1,D2C,MTF,DBFTFB,'3605387687919356613
2022-03-30 11:31:54.602000,FR0014003513,Corporate bond,DIRECTION GENERALE DU TRESOR,0,2027-02-25,3000,EUR,96.634,PERC,,TWEM,TWEM,TRADEWEB,1,D2C,MTF,DBFTFB,'3605387687919356359
2022-03-30 11:31:51.077000,FR0014003513,Corporate bond,DIRECTION GENERALE DU TRESOR,0,2027-02-25,6000,EUR,96.645,PERC,,TWEM,TWEM,TRADEWEB,1,D2C,MTF,DBFTFB,'3605387687919356353
2022-03-30 11:30:03.652000,FR0014003513,Corporate bond,DIRECTION GENERALE DU TRESOR,0,2027-02-25,1439000,EUR,96.638,PERC,,TWEM,TWEM,TRADEWEB,1,D2C,MTF,DBFTFB,'3605387687919356299
2022-03-30 10:31:03.825000,FR0014003513,Corporate bond,DIRECTION GENERALE DU TRESOR,0,2027-02-25,947000,EUR,96.641,PERC,,TWEM,TWEM,TRADEWEB,1,D2C,MTF,DBFTFB,'3605387687919355982
2022-03-29 15:14:05.998000,FR0014003513,Corporate bond,DIRECTION GENERALE DU TRESOR,0,2027-02-25,200000,EUR,96.919,PERC,,TWEM,TWEM,TRADEWEB,1,D2C,MTF,DBFTFB,'3605386588407731469
2022-03-29 15:13:17.048000,FR0014003513,Corporate bond,DIRECTION GENERALE DU TRESOR,0,2027-02-25,45000,EUR,96.915,PERC,,TWEM,TWEM,TRADEWEB,1,D2C,MTF,DBFTFB,'3605386588407731397
2022-03-29 12:48:49.861000,FR0014003513,Corporate bond,DIRECTION GENERALE DU TRESOR,0,2027-02-25,30000,EUR,96.788,PERC,,TWEM,TWEM,TRADEWEB,1,D2C,MTF,DBFTFB,'3605386588407729505
2022-03-29 12:12:09.017000,FR0014003513,Corporate bond,DIRECTION GENERALE DU TRESOR,0,2027-02-25,75000,EUR,96.598,PERC,,TWEM,TWEM,TRADEWEB,1,D2C,MTF,DBFTFB,'3605386588407729065
2022-03-29 08:47:49.875000,FR0014003513,Corporate bond,DIRECTION GENERALE DU TRESOR,0,2027-02-25,150000,EUR,97.037,PERC,,TWEM,TWEM,TRADEWEB,1,D2C,MTF,DBFTFB,'3605386588407727108
2022-03-29 05:03:53.000000,FR0014003513,Corporate bond,DIRECTION GENERALE DU TRESOR,0,2027-02-25,378888000,EUR,97.985486,PERC,IDAF,TWEM,TWEM,TRADEWEB,13,D2C,MTF,DBFTFB,'7208266290304123562
2022-03-28 15:11:07.381000,FR0014003513,Corporate bond,DIRECTION GENERALE DU TRESOR,0,2027-02-25,57000,EUR,97.32,PERC,,TWEM,TWEM,TRADEWEB,1,D2C,MTF,DBFTFB,'3605385488896102846
2022-03-28 10:57:58.342000,FR0014003513,Corporate bond,DIRECTION GENERALE DU TRESOR,0,2027-02-25,,EUR,97.151,PERC,TPAC VOLO,TWEM,TWEM,TRADEWEB,1,D2C,MTF,DBFTFB,'7208267389815752290
2022-03-28 10:57:58.342000,FR0014003513,Corporate bond,DIRECTION GENERALE DU TRESOR,0,2027-02-25,25000000,EUR,97.151,PERC,FULV ILQD SIZE TPAC,TWEM,TWEM,TRADEWEB,1,D2C,MTF,DBFTFB,'7208298176141328476
2022-03-28 10:40:25.768000,FR0014003513,Corporate bond,DIRECTION GENERALE DU TRESOR,0,2027-02-25,2000,EUR,97.164,PERC,,TWEM,TWEM,TRADEWEB,1,D2C,MTF,DBFTFB,'3605385488896100364
2022-03-28 10:14:16.405000,FR0014003513,Corporate bond,DIRECTION GENERALE DU TRESOR,0,2027-02-25,350000,EUR,97.124,PERC,,TWEM,TWEM,TRADEWEB,1,D2C,MTF,DBFTFB,'3605385488896100224
2022-03-25 16:03:19.485000,FR0014003513,Corporate bond,DIRECTION GENERALE DU TRESOR,0,2027-02-25,,EUR,97.554,PERC,TPAC VOLO,TWEM,TWEM,TRADEWEB,1,D2C,MTF,DBFTFB,'7208266290304132455
2022-03-25 16:03:19.485000,FR0014003513,Corporate bond,DIRECTION GENERALE DU TRESOR,0,2027-02-25,25000000,EUR,97.554,PERC,FULV SIZE TPAC,TWEM,TWEM,TRADEWEB,1,D2C,MTF,DBFTFB,'7208297076629708548
2022-03-25 15:24:44.358000,FR0014003513,Corporate bond,DIRECTION GENERALE DU TRESOR,0,2027-02-25,1500000,EUR,97.506,PERC,,TWEM,TWEM,TRADEWEB,1,D2C,MTF,DBFTFB,'3605382190361218611
2022-03-25 14:27:27.031000,FR0014003513,Corporate bond,DIRECTION GENERALE DU TRESOR,0,2027-02-25,400000,EUR,97.541,PERC,,TWEM,TWEM,TRADEWEB,1,D2C,MTF,DBFTFB,'3605382190361218183
2022-03-24 16:31:40.930000,FR0014003513,Corporate bond,DIRECTION GENERALE DU TRESOR,0,2027-02-25,314000,EUR,97.725,PERC,,TWEM,TWEM,TRADEWEB,1,D2C,MTF,DBFTFB,'3605381090849592041
2022-03-24 16:15:02.419000,FR0014003513,Corporate bond,DIRECTION GENERALE DU TRESOR,0,2027-02-25,99000,EUR,97.768,PERC,,TWEM,TWEM,TRADEWEB,1,D2C,MTF,DBFTFB,'3605381090849591581
2022-03-24 16:14:04.499000,FR0014003513,Corporate bond,DIRECTION GENERALE DU TRESOR,0,2027-02-25,60000,EUR,97.75,PERC,,TWEM,TWEM,TRADEWEB,1,D2C,MTF,DBFTFB,'3605381090849591469
2022-03-24 16:13:15.236000,FR0014003513,Corporate bond,DIRECTION GENERALE DU TRESOR,0,2027-02-25,199000,EUR,97.751,PERC,,TWEM,TWEM,TRADEWEB,1,D2C,MTF,DBFTFB,'3605381090849591312
2022-03-24 14:38:06.677000,FR0014003513,Corporate bond,DIRECTION GENERALE DU TRESOR,0,2027-02-25,150000,EUR,97.775,PERC,,TWEM,TWEM,TRADEWEB,1,D2C,MTF,DBFTFB,'3605381090849590615
2022-03-24 11:26:04.641000,FR0014003513,Corporate bond,DIRECTION GENERALE DU TRESOR,0,2027-02-25,5000,EUR,97.737,PERC,,TWEM,TWEM,TRADEWEB,1,D2C,MTF,DBFTFB,'3605381090849589048
2022-03-24 11:26:01.351000,FR0014003513,Corporate bond,DIRECTION GENERALE DU TRESOR,0,2027-02-25,12000,EUR,97.759,PERC,,TWEM,TWEM,TRADEWEB,1,D2C,MTF,DBFTFB,'3605381090849589042
2022-03-24 10:46:07.385000,FR0014003513,Corporate bond,DIRECTION GENERALE DU TRESOR,0,2027-02-25,1265000,EUR,97.763,PERC,,TWEM,TWEM,TRADEWEB,1,D2C,MTF,DBFTFB,'3605381090849588739
2022-03-23 16:14:06.685000,FR0014003513,Corporate bond,DIRECTION GENERALE DU TRESOR,0,2027-02-25,100000,EUR,97.969,PERC,,TWEM,TWEM,TRADEWEB,1,D2C,MTF,DBFTFB,'3605379991337963999
2022-03-23 13:20:45.102000,FR0014003513,Corporate bond,DIRECTION GENERALE DU TRESOR,0,2027-02-25,400000,EUR,97.97,PERC,,TWEM,TWEM,TRADEWEB,1,D2C,MTF,DBFTFB,'3605379991337962394
2022-03-23 12:19:22.759000,FR0014003513,Corporate bond,DIRECTION GENERALE DU TRESOR,0,2027-02-25,75000000,EUR,97.971,PERC,FULV SIZE TPAC,TWEM,TWEM,TRADEWEB,1,D2C,MTF,DBFTFB,'7208292678583189747
2022-03-23 12:19:22.759000,FR0014003513,Corporate bond,DIRECTION GENERALE DU TRESOR,0,2027-02-25,,EUR,97.971,PERC,TPAC VOLO,TWEM,TWEM,TRADEWEB,1,D2C,MTF,DBFTFB,'7208261892257612319
