Historical Rts2 Post Trade Microsecond,Historical Rts2 Instrument Identification Code,Bond Type Bond Type Desc,Instruments New Issuer Name,Instruments New Bond Fixed Rate,Instruments New Bond Maturity Date,Historical Rts2 Notional Amount,Historical Rts2 Notional Currency,Historical Rts2 Price,Historical Rts2 Price Notation,Historical Rts2 Flag List,Historical Rts2 Venue of Execution,Historical Rts2 Venue of Publication,Mifid Entities Commercial Name,Historical Rts2 Transaction Count,Mifid Entities Platform Type,Mifid Entities Trading Venue Types,Instruments New Cfi,Historical Rts2 Transaction Identification Code
2022-07-21 14:43:34.645000,FR0012993103,Corporate bond,DIRECTION GENERALE DU TRESOR,1.5,2031-05-25,1500000,EUR,99.462,PERC,,BTFE,BTFE,BLOOMBERG,1,D2C,MTF,DBFTFB,8ed0e4c8-7a60-43bf-8feb-4b6fad1e6400
2022-07-21 13:09:54.656000,FR0012993103,Corporate bond,DIRECTION GENERALE DU TRESOR,1.5,2031-05-25,1200,EUR,98.656,PERC,,BTFE,BTFE,BLOOMBERG,1,D2C,MTF,DBFTFB,2b12a13f-2d3f-433a-b264-840fca538745
2022-07-21 09:34:35.597000,FR0012993103,Corporate bond,DIRECTION GENERALE DU TRESOR,1.5,2031-05-25,6150,EUR,98.863,PERC,,BTFE,BTFE,BLOOMBERG,1,D2C,MTF,DBFTFB,fb2113f4-e827-4c11-b74e-ac618097f49d
2022-07-21 09:06:07.649000,FR0012993103,Corporate bond,DIRECTION GENERALE DU TRESOR,1.5,2031-05-25,101274,EUR,98.852,PERC,,BTFE,BTFE,BLOOMBERG,1,D2C,MTF,DBFTFB,c9236af8-ab23-403d-8d1c-fe8f54adc595
2022-07-21 07:24:38.056000,FR0012993103,Corporate bond,DIRECTION GENERALE DU TRESOR,1.5,2031-05-25,712,EUR,98.964,PERC,,BTFE,BTFE,BLOOMBERG,1,D2C,MTF,DBFTFB,93c65e1b-6e86-4b8e-a6c9-d37b50a00d05
2022-07-20 14:09:47.889000,FR0012993103,Corporate bond,DIRECTION GENERALE DU TRESOR,1.5,2031-05-25,14977,EUR,99.385,PERC,,BTFE,BTFE,BLOOMBERG,1,D2C,MTF,DBFTFB,a48cc78c-cb88-46de-bfd9-84fad1af221d
2022-07-20 10:18:30.812000,FR0012993103,Corporate bond,DIRECTION GENERALE DU TRESOR,1.5,2031-05-25,19000,EUR,99.618,PERC,,BTFE,BTFE,BLOOMBERG,1,D2C,MTF,DBFTFB,c041e6e0-3da7-448f-a7e5-ecce1a9e5bab
2022-07-20 09:11:12.672000,FR0012993103,Corporate bond,DIRECTION GENERALE DU TRESOR,1.5,2031-05-25,73000,EUR,99.57,PERC,,BTFE,BTFE,BLOOMBERG,1,D2C,MTF,DBFTFB,90eb05f7-0807-4a4f-82d9-93c28f0b5bcf
2022-07-19 14:30:16.738000,FR0012993103,Corporate bond,DIRECTION GENERALE DU TRESOR,1.5,2031-05-25,5000,EUR,98.968,PERC,,BTFE,BTFE,BLOOMBERG,1,D2C,MTF,DBFTFB,7c420bd4-1e5d-4966-a29f-a034a622ddba
2022-07-19 13:36:51.983000,FR0012993103,Corporate bond,DIRECTION GENERALE DU TRESOR,1.5,2031-05-25,14556,EUR,99.31,PERC,,BTFE,BTFE,BLOOMBERG,1,D2C,MTF,DBFTFB,7a3fc1f2-7881-423a-8557-81f357695306
2022-07-19 12:44:45.493000,FR0012993103,Corporate bond,DIRECTION GENERALE DU TRESOR,1.5,2031-05-25,1800,EUR,99.229,PERC,,BTFE,BTFE,BLOOMBERG,1,D2C,MTF,DBFTFB,17136149-1bdc-4890-b19e-5d2f2d33845a
2022-07-19 12:43:55.266000,FR0012993103,Corporate bond,DIRECTION GENERALE DU TRESOR,1.5,2031-05-25,9500,EUR,99.227,PERC,,BTFE,BTFE,BLOOMBERG,1,D2C,MTF,DBFTFB,b5d20aa3-7965-45ee-b2d3-2feebe68dbd4
2022-07-19 12:20:07.841000,FR0012993103,Corporate bond,DIRECTION GENERALE DU TRESOR,1.5,2031-05-25,20000,EUR,99.416,PERC,,BTFE,BTFE,BLOOMBERG,1,D2C,MTF,DBFTFB,c4311709-bd1d-4b48-929d-13fccc946fba
2022-07-19 07:16:53.811000,FR0012993103,Corporate bond,DIRECTION GENERALE DU TRESOR,1.5,2031-05-25,4522,EUR,99.728,PERC,,BTFE,BTFE,BLOOMBERG,1,D2C,MTF,DBFTFB,ce400467-4ecb-4dbe-9eaf-7adc8206878b
2022-07-19 06:45:35.040451,FR0012993103,Corporate bond,DIRECTION GENERALE DU TRESOR,1.5,2031-05-25,262440000,EUR,99.713702,PERC,IDAF LRGS,BTFE,BTFE,BLOOMBERG,22,D2C,MTF,DBFTFB,
2022-07-18 13:50:23.857000,FR0012993103,Corporate bond,DIRECTION GENERALE DU TRESOR,1.5,2031-05-25,2000,EUR,99.303,PERC,,BTFE,BTFE,BLOOMBERG,1,D2C,MTF,DBFTFB,b40956f1-b6ed-4f6e-88f4-44760496d637
2022-07-18 13:13:39.463000,FR0012993103,Corporate bond,DIRECTION GENERALE DU TRESOR,1.5,2031-05-25,11000,EUR,99.439,PERC,,BTFE,BTFE,BLOOMBERG,1,D2C,MTF,DBFTFB,3b54aff5-db11-4d96-b820-6e1df9208ec1
2022-07-18 12:39:41.487000,FR0012993103,Corporate bond,DIRECTION GENERALE DU TRESOR,1.5,2031-05-25,1300,EUR,99.255,PERC,,BTFE,BTFE,BLOOMBERG,1,D2C,MTF,DBFTFB,98616b6d-a4f3-499b-ac7a-20ede706ed62
2022-07-18 12:26:10.297000,FR0012993103,Corporate bond,DIRECTION GENERALE DU TRESOR,1.5,2031-05-25,23300,EUR,99.224,PERC,,BTFE,BTFE,BLOOMBERG,1,D2C,MTF,DBFTFB,3802fc52-4f0a-43e7-9cce-273da9d1d3b7
2022-07-18 09:01:18.886000,FR0012993103,Corporate bond,DIRECTION GENERALE DU TRESOR,1.5,2031-05-25,50000,EUR,99.496,PERC,,BTFE,BTFE,BLOOMBERG,1,D2C,MTF,DBFTFB,7dda096e-bbc6-44f3-82cf-5da8970533cb
2022-07-18 08:17:59.064000,FR0012993103,Corporate bond,DIRECTION GENERALE DU TRESOR,1.5,2031-05-25,1678,EUR,99.548,PERC,,BTFE,BTFE,BLOOMBERG,1,D2C,MTF,DBFTFB,7b70847d-3af3-4a03-b9cf-b2ce728aed2e
2022-07-18 08:17:48.678000,FR0012993103,Corporate bond,DIRECTION GENERALE DU TRESOR,1.5,2031-05-25,14118,EUR,99.535,PERC,,BTFE,BTFE,BLOOMBERG,1,D2C,MTF,DBFTFB,51b8e243-7871-46ff-a219-41d75b2ce0f4
2022-07-18 08:15:07.141000,FR0012993103,Corporate bond,DIRECTION GENERALE DU TRESOR,1.5,2031-05-25,3368,EUR,99.5,PERC,,BTFE,BTFE,BLOOMBERG,1,D2C,MTF,DBFTFB,031c2d4e-b785-431c-ad56-c127bea4c070
2022-07-18 07:59:57.977000,FR0012993103,Corporate bond,DIRECTION GENERALE DU TRESOR,1.5,2031-05-25,300000,EUR,99.505,PERC,,BTFE,BTFE,BLOOMBERG,1,D2C,MTF,DBFTFB,6ccb6b95-5224-4dd9-adb2-5b842ea81145
2022-07-15 14:22:40.713000,FR0012993103,Corporate bond,DIRECTION GENERALE DU TRESOR,1.5,2031-05-25,1535,EUR,100.165,PERC,,BTFE,BTFE,BLOOMBERG,1,D2C,MTF,DBFTFB,c62bc710-27b8-4004-a4b1-775046ca7863
2022-07-15 14:18:38.050000,FR0012993103,Corporate bond,DIRECTION GENERALE DU TRESOR,1.5,2031-05-25,2427,EUR,100.06,PERC,,BTFE,BTFE,BLOOMBERG,1,D2C,MTF,DBFTFB,a5ce196c-39e1-40ed-9f33-3c887cdd1e20
2022-07-15 14:12:49.102000,FR0012993103,Corporate bond,DIRECTION GENERALE DU TRESOR,1.5,2031-05-25,599,EUR,100.0235,PERC,,BTFE,BTFE,BLOOMBERG,1,D2C,MTF,DBFTFB,43e22501-d586-4b93-8566-5ca5434d902e
2022-07-15 14:10:54.140000,FR0012993103,Corporate bond,DIRECTION GENERALE DU TRESOR,1.5,2031-05-25,5000,EUR,99.996,PERC,,BTFE,BTFE,BLOOMBERG,1,D2C,MTF,DBFTFB,ad23692e-99e9-4ab9-aa44-7e92608a0d18
2022-07-15 14:08:43.846000,FR0012993103,Corporate bond,DIRECTION GENERALE DU TRESOR,1.5,2031-05-25,22206,EUR,100.031,PERC,,BTFE,BTFE,BLOOMBERG,1,D2C,MTF,DBFTFB,b82530f2-6ddb-46bb-83f8-0a951bb6b36f
2022-07-15 13:39:33.321000,FR0012993103,Corporate bond,DIRECTION GENERALE DU TRESOR,1.5,2031-05-25,30000,EUR,99.881,PERC,,BTFE,BTFE,BLOOMBERG,1,D2C,MTF,DBFTFB,0c8520c6-069c-4629-a494-d7da1092ab56
2022-07-15 13:36:31.427000,FR0012993103,Corporate bond,DIRECTION GENERALE DU TRESOR,1.5,2031-05-25,30000,EUR,99.914,PERC,,BTFE,BTFE,BLOOMBERG,1,D2C,MTF,DBFTFB,6cdc5538-4d9d-4a54-85ce-638e8de57e01
2022-07-15 12:38:04.415000,FR0012993103,Corporate bond,DIRECTION GENERALE DU TRESOR,1.5,2031-05-25,10000,EUR,99.854,PERC,,BTFE,BTFE,BLOOMBERG,1,D2C,MTF,DBFTFB,ac4a2ed7-8329-4739-ae91-128f9c0c4002
2022-07-15 11:45:17.584000,FR0012993103,Corporate bond,DIRECTION GENERALE DU TRESOR,1.5,2031-05-25,201000,EUR,99.799,PERC,,BTFE,BTFE,BLOOMBERG,1,D2C,MTF,DBFTFB,3665adb2-a341-4e54-9a2b-15d607312ead
2022-07-15 11:38:19.465000,FR0012993103,Corporate bond,DIRECTION GENERALE DU TRESOR,1.5,2031-05-25,640381,EUR,99.763,PERC,,BTFE,BTFE,BLOOMBERG,1,D2C,MTF,DBFTFB,f91bf9bc-420e-459d-9f46-1be5cfa75f9a
2022-07-15 10:44:28.331000,FR0012993103,Corporate bond,DIRECTION GENERALE DU TRESOR,1.5,2031-05-25,80000,EUR,99.913,PERC,,BTFE,BTFE,BLOOMBERG,1,D2C,MTF,DBFTFB,cc298c1f-84f7-4da3-a3a9-6c3fae300af0
2022-07-15 08:26:00.663000,FR0012993103,Corporate bond,DIRECTION GENERALE DU TRESOR,1.5,2031-05-25,3474,EUR,100.053,PERC,,BTFE,BTFE,BLOOMBERG,1,D2C,MTF,DBFTFB,d2fb2ed4-1cfa-43ea-9060-185b8dfa2cf7
2022-07-14 13:57:00.402000,FR0012993103,Corporate bond,DIRECTION GENERALE DU TRESOR,1.5,2031-05-25,17000,EUR,99.517,PERC,,BTFE,BTFE,BLOOMBERG,1,D2C,MTF,DBFTFB,c5dffd2d-1de7-46ce-9347-caa58837687b
2022-07-14 13:32:43.179000,FR0012993103,Corporate bond,DIRECTION GENERALE DU TRESOR,1.5,2031-05-25,5000,EUR,99.282,PERC,,BTFE,BTFE,BLOOMBERG,1,D2C,MTF,DBFTFB,84de853c-6243-4cee-b782-efcc07bbdd30
2022-07-14 12:27:36.506000,FR0012993103,Corporate bond,DIRECTION GENERALE DU TRESOR,1.5,2031-05-25,4000,EUR,99.329,PERC,,BTFE,BTFE,BLOOMBERG,1,D2C,MTF,DBFTFB,19f40d69-89a1-43e7-9161-58c9cc5afcbf
2022-07-14 11:44:19.989000,FR0012993103,Corporate bond,DIRECTION GENERALE DU TRESOR,1.5,2031-05-25,66000,EUR,99.631,PERC,,BTFE,BTFE,BLOOMBERG,1,D2C,MTF,DBFTFB,0ad8768d-0694-4fdf-a2c9-b1d96befac9b
2022-07-14 11:07:33.645000,FR0012993103,Corporate bond,DIRECTION GENERALE DU TRESOR,1.5,2031-05-25,1990000,EUR,99.227,PERC,,BTFE,BTFE,BLOOMBERG,1,D2C,MTF,DBFTFB,09ee6c34-94d1-4e4c-bad0-22d9a0d49a12
2022-07-14 11:02:40.138000,FR0012993103,Corporate bond,DIRECTION GENERALE DU TRESOR,1.5,2031-05-25,46694,EUR,99.199,PERC,,BTFE,BTFE,BLOOMBERG,1,D2C,MTF,DBFTFB,e1669298-1e81-4353-9776-8eaa98a5c52f
2022-07-14 10:55:04.001000,FR0012993103,Corporate bond,DIRECTION GENERALE DU TRESOR,1.5,2031-05-25,2467,EUR,99.232,PERC,,BTFE,BTFE,BLOOMBERG,1,D2C,MTF,DBFTFB,52eca8e7-f5c2-4ebb-9224-db566f2d985d
2022-07-14 09:04:53.468000,FR0012993103,Corporate bond,DIRECTION GENERALE DU TRESOR,1.5,2031-05-25,714000,EUR,99.072,PERC,,BTFE,BTFE,BLOOMBERG,1,D2C,MTF,DBFTFB,7f317aec-29ec-42f7-b4ac-d8a3ad2f019a
2022-07-14 09:00:45.408000,FR0012993103,Corporate bond,DIRECTION GENERALE DU TRESOR,1.5,2031-05-25,2976,EUR,99.171,PERC,,BTFE,BTFE,BLOOMBERG,1,D2C,MTF,DBFTFB,5aeb69fe-2a09-419c-94c9-db87bde9561c
2022-07-14 09:00:11.107000,FR0012993103,Corporate bond,DIRECTION GENERALE DU TRESOR,1.5,2031-05-25,500000,EUR,99.205,PERC,,BTFE,BTFE,BLOOMBERG,1,D2C,MTF,DBFTFB,57d92464-49e1-4a91-ad37-5a0209eecc33
2022-07-14 08:17:07.719000,FR0012993103,Corporate bond,DIRECTION GENERALE DU TRESOR,1.5,2031-05-25,1184,EUR,99.179,PERC,,BTFE,BTFE,BLOOMBERG,1,D2C,MTF,DBFTFB,8bce9bc5-d23e-404c-a1cb-432c485d4b99
2022-07-14 07:01:31.830000,FR0012993103,Corporate bond,DIRECTION GENERALE DU TRESOR,1.5,2031-05-25,8232,EUR,99.791,PERC,,BTFE,BTFE,BLOOMBERG,1,D2C,MTF,DBFTFB,67556400-beca-4d59-a375-3d70562ebc31
2022-07-13 15:02:48.466000,FR0012993103,Corporate bond,DIRECTION GENERALE DU TRESOR,1.5,2031-05-25,200000,EUR,100.084,PERC,,BTFE,BTFE,BLOOMBERG,1,D2C,MTF,DBFTFB,9405b09b-4e33-4a43-b13e-c2e80969e73f
2022-07-13 13:33:20.864000,FR0012993103,Corporate bond,DIRECTION GENERALE DU TRESOR,1.5,2031-05-25,22800,EUR,99.77,PERC,,BTFE,BTFE,BLOOMBERG,1,D2C,MTF,DBFTFB,d3e6f326-af4d-4367-b329-254276d03ea0
2022-07-13 10:35:59.018000,FR0012993103,Corporate bond,DIRECTION GENERALE DU TRESOR,1.5,2031-05-25,1200000,EUR,100,PERC,,BTFE,BTFE,BLOOMBERG,1,D2C,MTF,DBFTFB,0b7bab07-54de-4cd2-a64d-be44d0742ce3
2022-07-13 09:50:40.137000,FR0012993103,Corporate bond,DIRECTION GENERALE DU TRESOR,1.5,2031-05-25,2375,EUR,99.88,PERC,,BTFE,BTFE,BLOOMBERG,1,D2C,MTF,DBFTFB,4c5dcddf-4675-46cb-bbf1-6aea1dccafc7
2022-07-13 09:47:05.044000,FR0012993103,Corporate bond,DIRECTION GENERALE DU TRESOR,1.5,2031-05-25,17766,EUR,99.856,PERC,,BTFE,BTFE,BLOOMBERG,1,D2C,MTF,DBFTFB,da8c6e1d-682c-42a0-bd2b-da863bec7bff
2022-07-13 09:42:41.033000,FR0012993103,Corporate bond,DIRECTION GENERALE DU TRESOR,1.5,2031-05-25,1000000,EUR,99.922,PERC,,BTFE,BTFE,BLOOMBERG,1,D2C,MTF,DBFTFB,35d428f8-0814-43de-b473-7dd2fecd5ec5
2022-07-13 09:35:39.401000,FR0012993103,Corporate bond,DIRECTION GENERALE DU TRESOR,1.5,2031-05-25,115000,EUR,100.007,PERC,,BTFE,BTFE,BLOOMBERG,1,D2C,MTF,DBFTFB,f92e18f0-3ae5-42e7-bc9c-e49d14bff761
2022-07-13 07:59:17.481000,FR0012993103,Corporate bond,DIRECTION GENERALE DU TRESOR,1.5,2031-05-25,1714,EUR,100.145,PERC,,BTFE,BTFE,BLOOMBERG,1,D2C,MTF,DBFTFB,8c3f94ad-a0b9-4320-90ae-50e1733084a8
2022-07-13 07:11:36.882000,FR0012993103,Corporate bond,DIRECTION GENERALE DU TRESOR,1.5,2031-05-25,13834,EUR,99.834,PERC,,BTFE,BTFE,BLOOMBERG,1,D2C,MTF,DBFTFB,d5c97b76-42be-4d85-98aa-ffa768827c93
2022-07-13 07:11:19.789000,FR0012993103,Corporate bond,DIRECTION GENERALE DU TRESOR,1.5,2031-05-25,3178,EUR,99.821,PERC,,BTFE,BTFE,BLOOMBERG,1,D2C,MTF,DBFTFB,4d586bcc-6ea3-4471-8b16-ccd252d5b029
2022-07-13 07:04:18.156000,FR0012993103,Corporate bond,DIRECTION GENERALE DU TRESOR,1.5,2031-05-25,135000,EUR,99.843,PERC,,BTFE,BTFE,BLOOMBERG,1,D2C,MTF,DBFTFB,81eeb1a7-4c7c-406a-9478-2844d5dffac6
2022-07-12 13:38:33.971000,FR0012993103,Corporate bond,DIRECTION GENERALE DU TRESOR,1.5,2031-05-25,300000,EUR,100.318,PERC,,BTFE,BTFE,BLOOMBERG,1,D2C,MTF,DBFTFB,133c6afb-3a96-47af-ab42-75c5cf3103e6
2022-07-12 13:28:49.162000,FR0012993103,Corporate bond,DIRECTION GENERALE DU TRESOR,1.5,2031-05-25,3000,EUR,100.176,PERC,,BTFE,BTFE,BLOOMBERG,1,D2C,MTF,DBFTFB,1dce2509-5ffb-42c2-b901-6099afe95a32
2022-07-12 13:12:02.877000,FR0012993103,Corporate bond,DIRECTION GENERALE DU TRESOR,1.5,2031-05-25,91,EUR,100.194,PERC,,BTFE,BTFE,BLOOMBERG,1,D2C,MTF,DBFTFB,02aa9099-1d21-45cb-9e43-cf76c4f6b9be
2022-07-12 11:41:17.856000,FR0012993103,Corporate bond,DIRECTION GENERALE DU TRESOR,1.5,2031-05-25,500000,EUR,100.115,PERC,,BTFE,BTFE,BLOOMBERG,1,D2C,MTF,DBFTFB,40d8d727-d06b-4e5a-9c38-a4d75ad85901
2022-07-12 09:35:09.249000,FR0012993103,Corporate bond,DIRECTION GENERALE DU TRESOR,1.5,2031-05-25,3190,EUR,100.107,PERC,,BTFE,BTFE,BLOOMBERG,1,D2C,MTF,DBFTFB,e0684d72-5680-46b9-bb99-d8796ec5bb5a
2022-07-12 08:54:53.201000,FR0012993103,Corporate bond,DIRECTION GENERALE DU TRESOR,1.5,2031-05-25,80000,EUR,100.012,PERC,,BTFE,BTFE,BLOOMBERG,1,D2C,MTF,DBFTFB,e7fb66e6-8ca2-4f1d-8413-8431a80e434d
2022-07-12 06:37:07.643936,FR0012993103,Corporate bond,DIRECTION GENERALE DU TRESOR,1.5,2031-05-25,133504805,EUR,98.981929,PERC,IDAF LRGS,BTFE,BTFE,BLOOMBERG,10,D2C,MTF,DBFTFB,
2022-07-11 15:39:44.367000,FR0012993103,Corporate bond,DIRECTION GENERALE DU TRESOR,1.5,2031-05-25,50733,EUR,99.136,PERC,,BTFE,BTFE,BLOOMBERG,1,D2C,MTF,DBFTFB,cf65716f-15b6-42da-88a3-931dfe98a1e8
2022-07-11 15:16:39.896000,FR0012993103,Corporate bond,DIRECTION GENERALE DU TRESOR,1.5,2031-05-25,12581,EUR,99.191,PERC,,BTFE,BTFE,BLOOMBERG,1,D2C,MTF,DBFTFB,81b51aa0-7249-4c35-b8d1-1563bb95c6ed
2022-07-11 13:13:09.380000,FR0012993103,Corporate bond,DIRECTION GENERALE DU TRESOR,1.5,2031-05-25,2500,EUR,99.07,PERC,,BTFE,BTFE,BLOOMBERG,1,D2C,MTF,DBFTFB,e373e286-27cd-40f1-8cd7-4bbceee28c1b
2022-07-11 09:12:01.298000,FR0012993103,Corporate bond,DIRECTION GENERALE DU TRESOR,1.5,2031-05-25,8071,EUR,98.725,PERC,,BTFE,BTFE,BLOOMBERG,1,D2C,MTF,DBFTFB,e266e72e-cafb-4bac-8720-5f591da4295b
2022-07-11 08:30:29.129000,FR0012993103,Corporate bond,DIRECTION GENERALE DU TRESOR,1.5,2031-05-25,100000,EUR,98.916,PERC,,BTFE,BTFE,BLOOMBERG,1,D2C,MTF,DBFTFB,1d71c960-aed4-43b0-ae05-de2c78c93715
2022-07-08 12:45:24.408000,FR0012993103,Corporate bond,DIRECTION GENERALE DU TRESOR,1.5,2031-05-25,10600,EUR,98.426,PERC,,BTFE,BTFE,BLOOMBERG,1,D2C,MTF,DBFTFB,e50bc3a8-401d-4a0d-b8d2-8504364da947
2022-07-08 09:47:51.467000,FR0012993103,Corporate bond,DIRECTION GENERALE DU TRESOR,1.5,2031-05-25,40000,EUR,98.933,PERC,,BTFE,BTFE,BLOOMBERG,1,D2C,MTF,DBFTFB,79e6f302-9d76-4731-9d9b-884ed656bade
2022-07-08 09:01:04.779000,FR0012993103,Corporate bond,DIRECTION GENERALE DU TRESOR,1.5,2031-05-25,740000,EUR,98.914,PERC,,BTFE,BTFE,BLOOMBERG,1,D2C,MTF,DBFTFB,839153dd-1fa1-4b13-b091-79e6d783d2ec
2022-07-08 07:18:38.920000,FR0012993103,Corporate bond,DIRECTION GENERALE DU TRESOR,1.5,2031-05-25,2233,EUR,98.766,PERC,,BTFE,BTFE,BLOOMBERG,1,D2C,MTF,DBFTFB,5802dc84-f43f-47ae-bc3c-22d04bebbafb
2022-07-07 15:05:42.074000,FR0012993103,Corporate bond,DIRECTION GENERALE DU TRESOR,1.5,2031-05-25,10000,EUR,98.638,PERC,,BTFE,BTFE,BLOOMBERG,1,D2C,MTF,DBFTFB,fc3cca78-dc0b-49ed-ac2d-6491d0cfc51f
2022-07-07 13:57:39.003000,FR0012993103,Corporate bond,DIRECTION GENERALE DU TRESOR,1.5,2031-05-25,23000,EUR,98.791,PERC,,BTFE,BTFE,BLOOMBERG,1,D2C,MTF,DBFTFB,080889a0-1376-4097-886b-152f55e27c9c
2022-07-07 13:13:36.823000,FR0012993103,Corporate bond,DIRECTION GENERALE DU TRESOR,1.5,2031-05-25,43269,EUR,98.795,PERC,,BTFE,BTFE,BLOOMBERG,1,D2C,MTF,DBFTFB,08c5af5f-c595-400d-9069-4a23b4fa1af3
2022-07-07 12:08:20.224000,FR0012993103,Corporate bond,DIRECTION GENERALE DU TRESOR,1.5,2031-05-25,1686,EUR,98.8,PERC,,BTFE,BTFE,BLOOMBERG,1,D2C,MTF,DBFTFB,793e6dd7-a1d9-4412-8a11-8ecb71914113
2022-07-07 10:23:14.908000,FR0012993103,Corporate bond,DIRECTION GENERALE DU TRESOR,1.5,2031-05-25,10000,EUR,98.59,PERC,,BTFE,BTFE,BLOOMBERG,1,D2C,MTF,DBFTFB,ddc38cbe-c8ea-47cc-b046-09d51f65784a
2022-07-07 10:11:23.120000,FR0012993103,Corporate bond,DIRECTION GENERALE DU TRESOR,1.5,2031-05-25,15000,EUR,98.522,PERC,,BTFE,BTFE,BLOOMBERG,1,D2C,MTF,DBFTFB,0bd8a1c8-7b21-4c03-9c2f-c692ae1f1f71
2022-07-07 08:39:07.672000,FR0012993103,Corporate bond,DIRECTION GENERALE DU TRESOR,1.5,2031-05-25,1056,EUR,98.552,PERC,,BTFE,BTFE,BLOOMBERG,1,D2C,MTF,DBFTFB,00acce40-2eda-4782-891f-352c57577d18
2022-07-07 07:04:27.188000,FR0012993103,Corporate bond,DIRECTION GENERALE DU TRESOR,1.5,2031-05-25,15000,EUR,98.916,PERC,,BTFE,BTFE,BLOOMBERG,1,D2C,MTF,DBFTFB,eccfcfd6-4b4f-46d9-a2a9-ed50144c5d14
2022-07-07 07:04:05.592000,FR0012993103,Corporate bond,DIRECTION GENERALE DU TRESOR,1.5,2031-05-25,5262,EUR,98.939,PERC,,BTFE,BTFE,BLOOMBERG,1,D2C,MTF,DBFTFB,d5bcf0a2-4001-4f78-829d-083061fda1e0
2022-07-06 14:47:28.841000,FR0012993103,Corporate bond,DIRECTION GENERALE DU TRESOR,1.5,2031-05-25,723,EUR,99.139,PERC,,BTFE,BTFE,BLOOMBERG,1,D2C,MTF,DBFTFB,6236a025-6fa9-4213-9ec9-357b328b25a6
2022-07-06 14:42:27.294000,FR0012993103,Corporate bond,DIRECTION GENERALE DU TRESOR,1.5,2031-05-25,2688,EUR,99.107,PERC,,BTFE,BTFE,BLOOMBERG,1,D2C,MTF,DBFTFB,113ce12b-6f1e-4b66-8543-248514ceb749
2022-07-06 13:38:31.316000,FR0012993103,Corporate bond,DIRECTION GENERALE DU TRESOR,1.5,2031-05-25,760000,EUR,99.676,PERC,,BTFE,BTFE,BLOOMBERG,1,D2C,MTF,DBFTFB,28b8771b-6a11-4961-ace7-a97b13385af0
2022-07-06 11:00:09.427000,FR0012993103,Corporate bond,DIRECTION GENERALE DU TRESOR,1.5,2031-05-25,70000,EUR,99.106,PERC,,BTFE,BTFE,BLOOMBERG,1,D2C,MTF,DBFTFB,b4dbb2ba-b835-450b-90c0-0975d386e333
2022-07-06 09:53:35.482000,FR0012993103,Corporate bond,DIRECTION GENERALE DU TRESOR,1.5,2031-05-25,206000,EUR,99.036,PERC,,BTFE,BTFE,BLOOMBERG,1,D2C,MTF,DBFTFB,13c0bf57-fa6f-411e-bd2e-412c687129a0
2022-07-06 09:35:44.213000,FR0012993103,Corporate bond,DIRECTION GENERALE DU TRESOR,1.5,2031-05-25,45000,EUR,98.996,PERC,,BTFE,BTFE,BLOOMBERG,1,D2C,MTF,DBFTFB,a5c465e9-50fc-4ad2-b254-7b066602c2ab
2022-07-06 09:03:48.300000,FR0012993103,Corporate bond,DIRECTION GENERALE DU TRESOR,1.5,2031-05-25,100000,EUR,99.057,PERC,,BTFE,BTFE,BLOOMBERG,1,D2C,MTF,DBFTFB,7585c34c-0ec2-4094-8f5d-886732ac6ad3
2022-07-06 08:48:05.927000,FR0012993103,Corporate bond,DIRECTION GENERALE DU TRESOR,1.5,2031-05-25,10000,EUR,99.043,PERC,,BTFE,BTFE,BLOOMBERG,1,D2C,MTF,DBFTFB,dd040504-467b-4d7a-a86a-f190c56846e0
2022-07-06 08:48:03.633000,FR0012993103,Corporate bond,DIRECTION GENERALE DU TRESOR,1.5,2031-05-25,70000,EUR,99.119,PERC,,BTFE,BTFE,BLOOMBERG,1,D2C,MTF,DBFTFB,ca13ae8d-37a1-4c21-8437-834494741b76
2022-07-06 08:25:55.259000,FR0012993103,Corporate bond,DIRECTION GENERALE DU TRESOR,1.5,2031-05-25,2278262,EUR,99.028,PERC,,BTFE,BTFE,BLOOMBERG,1,D2C,MTF,DBFTFB,404772c5-ed09-49e1-b2e6-cd08bb2ef8fd
2022-07-06 08:04:04.197000,FR0012993103,Corporate bond,DIRECTION GENERALE DU TRESOR,1.5,2031-05-25,1617,EUR,98.973,PERC,,BTFE,BTFE,BLOOMBERG,1,D2C,MTF,DBFTFB,40b724ec-70ac-450d-990b-4d9787fed658
2022-07-06 08:03:54.987000,FR0012993103,Corporate bond,DIRECTION GENERALE DU TRESOR,1.5,2031-05-25,5730,EUR,98.973,PERC,,BTFE,BTFE,BLOOMBERG,1,D2C,MTF,DBFTFB,9d9c48fa-70c2-4420-8e9c-67636e89a527
2022-07-05 15:14:01.575000,FR0012993103,Corporate bond,DIRECTION GENERALE DU TRESOR,1.5,2031-05-25,12000,EUR,98.956,PERC,,BTFE,BTFE,BLOOMBERG,1,D2C,MTF,DBFTFB,58a819ae-fb3b-4498-9bc4-16ab15f677c8
2022-07-05 13:41:58.896000,FR0012993103,Corporate bond,DIRECTION GENERALE DU TRESOR,1.5,2031-05-25,2837,EUR,98.911,PERC,,BTFE,BTFE,BLOOMBERG,1,D2C,MTF,DBFTFB,da119df3-0872-4e0a-913e-8b5b4014a869
2022-07-05 13:03:49.456000,FR0012993103,Corporate bond,DIRECTION GENERALE DU TRESOR,1.5,2031-05-25,901,EUR,98.725,PERC,,BTFE,BTFE,BLOOMBERG,1,D2C,MTF,DBFTFB,2c322a3c-0218-43b8-b55f-d9a096d29b0e
2022-07-05 13:02:31.221000,FR0012993103,Corporate bond,DIRECTION GENERALE DU TRESOR,1.5,2031-05-25,10000,EUR,98.698,PERC,,BTFE,BTFE,BLOOMBERG,1,D2C,MTF,DBFTFB,7b4e8d28-b6b6-41dd-b075-99c08e0a8426
2022-07-05 08:48:53.890000,FR0012993103,Corporate bond,DIRECTION GENERALE DU TRESOR,1.5,2031-05-25,1410000,EUR,98.558,PERC,,BTFE,BTFE,BLOOMBERG,1,D2C,MTF,DBFTFB,c6517fcf-bc3d-42aa-a7af-3ead7016975a
2022-07-05 08:25:51.490000,FR0012993103,Corporate bond,DIRECTION GENERALE DU TRESOR,1.5,2031-05-25,2677,EUR,98.405,PERC,,BTFE,BTFE,BLOOMBERG,1,D2C,MTF,DBFTFB,6a8c8ae5-85e0-41b5-804c-1d432f3a70f6
2022-07-05 08:00:47.369000,FR0012993103,Corporate bond,DIRECTION GENERALE DU TRESOR,1.5,2031-05-25,1560,EUR,98.091,PERC,,BTFE,BTFE,BLOOMBERG,1,D2C,MTF,DBFTFB,453c6bac-d6fc-4119-9c27-691630d22e34
2022-07-05 07:58:13.616000,FR0012993103,Corporate bond,DIRECTION GENERALE DU TRESOR,1.5,2031-05-25,511,EUR,98.098,PERC,,BTFE,BTFE,BLOOMBERG,1,D2C,MTF,DBFTFB,5d6624bc-41e3-4f1f-a464-bb134f78989e
2022-07-05 07:11:32.618000,FR0012993103,Corporate bond,DIRECTION GENERALE DU TRESOR,1.5,2031-05-25,3501,EUR,98.04,PERC,,BTFE,BTFE,BLOOMBERG,1,D2C,MTF,DBFTFB,1b93e22a-fd33-4714-846f-030d02960dcf
2022-07-05 07:11:27.367000,FR0012993103,Corporate bond,DIRECTION GENERALE DU TRESOR,1.5,2031-05-25,4751,EUR,97.999,PERC,,BTFE,BTFE,BLOOMBERG,1,D2C,MTF,DBFTFB,31b5107d-3e63-4495-a330-2529964e0554
2022-07-05 07:00:36.791000,FR0012993103,Corporate bond,DIRECTION GENERALE DU TRESOR,1.5,2031-05-25,7972,EUR,98.022,PERC,,BTFE,BTFE,BLOOMBERG,1,D2C,MTF,DBFTFB,f9f2b38f-6de2-486e-b0dc-3f9d844c85a7
2022-07-05 06:49:08.441208,FR0012993103,Corporate bond,DIRECTION GENERALE DU TRESOR,1.5,2031-05-25,256227279,EUR,97.344203,PERC,IDAF LRGS,BTFE,BTFE,BLOOMBERG,21,D2C,MTF,DBFTFB,
2022-07-04 15:17:21.838000,FR0012993103,Corporate bond,DIRECTION GENERALE DU TRESOR,1.5,2031-05-25,7315,EUR,97.871,PERC,,BTFE,BTFE,BLOOMBERG,1,D2C,MTF,DBFTFB,d5090ac8-7902-4ffe-8fc9-9f9b1b16ccb2
2022-07-04 14:39:02.653000,FR0012993103,Corporate bond,DIRECTION GENERALE DU TRESOR,1.5,2031-05-25,14000,EUR,98.127,PERC,,BTFE,BTFE,BLOOMBERG,1,D2C,MTF,DBFTFB,64369edc-d95b-4d22-a403-213a8156e9f1
2022-07-04 13:11:48.035000,FR0012993103,Corporate bond,DIRECTION GENERALE DU TRESOR,1.5,2031-05-25,6500,EUR,97.971,PERC,,BTFE,BTFE,BLOOMBERG,1,D2C,MTF,DBFTFB,ee983d9d-f984-44b0-bf39-c07a03384e25
2022-07-04 12:39:20.691000,FR0012993103,Corporate bond,DIRECTION GENERALE DU TRESOR,1.5,2031-05-25,1000000,EUR,98.044,PERC,,BTFE,BTFE,BLOOMBERG,1,D2C,MTF,DBFTFB,4f9b2d59-87b3-46cb-937b-e644a9ff570c
2022-07-04 10:26:02.048000,FR0012993103,Corporate bond,DIRECTION GENERALE DU TRESOR,1.5,2031-05-25,7000,EUR,98.219,PERC,,BTFE,BTFE,BLOOMBERG,1,D2C,MTF,DBFTFB,03f84d70-5f47-40ed-891b-befdc3c126f2
2022-07-04 10:02:55.028000,FR0012993103,Corporate bond,DIRECTION GENERALE DU TRESOR,1.5,2031-05-25,11317,EUR,98.114,PERC,,BTFE,BTFE,BLOOMBERG,1,D2C,MTF,DBFTFB,d6b42b2e-966c-4944-bc51-7d88ce92e7da
2022-07-04 09:33:14.759000,FR0012993103,Corporate bond,DIRECTION GENERALE DU TRESOR,1.5,2031-05-25,10000,EUR,98.116,PERC,,BTFE,BTFE,BLOOMBERG,1,D2C,MTF,DBFTFB,1bf3d966-d538-44b2-9685-3bbe4dfa7f93
2022-07-04 09:16:22.889000,FR0012993103,Corporate bond,DIRECTION GENERALE DU TRESOR,1.5,2031-05-25,5194,EUR,98.145,PERC,,BTFE,BTFE,BLOOMBERG,1,D2C,MTF,DBFTFB,ec062ffa-79d8-4793-b237-b377a41c4649
2022-07-04 08:39:35.591000,FR0012993103,Corporate bond,DIRECTION GENERALE DU TRESOR,1.5,2031-05-25,944,EUR,98.579,PERC,,BTFE,BTFE,BLOOMBERG,1,D2C,MTF,DBFTFB,50ce0f85-d56f-4b17-95df-94cd59d9c77f
2022-07-04 07:00:37.395000,FR0012993103,Corporate bond,DIRECTION GENERALE DU TRESOR,1.5,2031-05-25,7884,EUR,98.634,PERC,,BTFE,BTFE,BLOOMBERG,1,D2C,MTF,DBFTFB,da75ea2b-430b-44c8-8dd1-76ddc3424ab0
2022-07-01 15:26:21.299000,FR0012993103,Corporate bond,DIRECTION GENERALE DU TRESOR,1.5,2031-05-25,82000,EUR,98.941,PERC,,BTFE,BTFE,BLOOMBERG,1,D2C,MTF,DBFTFB,511c4c56-34f5-46ab-a00a-40c2e6f1a67d
2022-07-01 14:31:18.681000,FR0012993103,Corporate bond,DIRECTION GENERALE DU TRESOR,1.5,2031-05-25,35000,EUR,99.589,PERC,,BTFE,BTFE,BLOOMBERG,1,D2C,MTF,DBFTFB,dc188359-100c-434b-be6f-2b957ddfb480
2022-07-01 13:29:59.373000,FR0012993103,Corporate bond,DIRECTION GENERALE DU TRESOR,1.5,2031-05-25,2907,EUR,98.77,PERC,,BTFE,BTFE,BLOOMBERG,1,D2C,MTF,DBFTFB,e7a4823f-02a3-4028-8f82-6d828a5f29b4
2022-07-01 12:50:47.635000,FR0012993103,Corporate bond,DIRECTION GENERALE DU TRESOR,1.5,2031-05-25,11523,EUR,98.731,PERC,,BTFE,BTFE,BLOOMBERG,1,D2C,MTF,DBFTFB,0bed320c-56ca-4b32-b251-64d14079cf7b
2022-07-01 10:17:01.192000,FR0012993103,Corporate bond,DIRECTION GENERALE DU TRESOR,1.5,2031-05-25,300000,EUR,97.916,PERC,,BTFE,BTFE,BLOOMBERG,1,D2C,MTF,DBFTFB,f4bc4c2d-4dfc-4e0a-a765-9067014a8be6
2022-07-01 09:17:07.192000,FR0012993103,Corporate bond,DIRECTION GENERALE DU TRESOR,1.5,2031-05-25,357000,EUR,97.596,PERC,,BTFE,BTFE,BLOOMBERG,1,D2C,MTF,DBFTFB,49737cb4-77e5-4206-8b3f-772e7881c197
2022-07-01 08:20:02.882000,FR0012993103,Corporate bond,DIRECTION GENERALE DU TRESOR,1.5,2031-05-25,2593,EUR,97.536,PERC,,BTFE,BTFE,BLOOMBERG,1,D2C,MTF,DBFTFB,bc82f3be-ac52-4e2d-b1a2-33fad8f960af
2022-07-01 08:01:57.922000,FR0012993103,Corporate bond,DIRECTION GENERALE DU TRESOR,1.5,2031-05-25,2922,EUR,97.629,PERC,,BTFE,BTFE,BLOOMBERG,1,D2C,MTF,DBFTFB,c1903305-d58f-42ad-9456-f3595d3cf940
2022-07-01 07:28:47.171000,FR0012993103,Corporate bond,DIRECTION GENERALE DU TRESOR,1.5,2031-05-25,20000,EUR,97.972,PERC,,BTFE,BTFE,BLOOMBERG,1,D2C,MTF,DBFTFB,4f01f1f8-4229-4785-859d-cc39d3891722
2022-07-01 07:01:05.430000,FR0012993103,Corporate bond,DIRECTION GENERALE DU TRESOR,1.5,2031-05-25,4312,EUR,97.97,PERC,,BTFE,BTFE,BLOOMBERG,1,D2C,MTF,DBFTFB,16735798-7faf-4714-b7fb-986c7de00743
2022-06-30 15:11:19.381000,FR0012993103,Corporate bond,DIRECTION GENERALE DU TRESOR,1.5,2031-05-25,26000,EUR,97.652,PERC,,BTFE,BTFE,BLOOMBERG,1,D2C,MTF,DBFTFB,89fb93e8-9997-483e-8aea-2576607f7829
2022-06-30 15:02:21.997000,FR0012993103,Corporate bond,DIRECTION GENERALE DU TRESOR,1.5,2031-05-25,220000,EUR,97.73,PERC,,BTFE,BTFE,BLOOMBERG,1,D2C,MTF,DBFTFB,6df9fb8c-aa1d-429a-b1b2-330470651862
2022-06-30 14:00:34.026000,FR0012993103,Corporate bond,DIRECTION GENERALE DU TRESOR,1.5,2031-05-25,58746,EUR,97.705,PERC,,BTFE,BTFE,BLOOMBERG,1,D2C,MTF,DBFTFB,44d22bb0-379a-4d04-a09b-d8fc53cf87a7
2022-06-30 10:32:13.011000,FR0012993103,Corporate bond,DIRECTION GENERALE DU TRESOR,1.5,2031-05-25,1100,EUR,97.462,PERC,,BTFE,BTFE,BLOOMBERG,1,D2C,MTF,DBFTFB,ec598499-b389-40f7-82b0-cd6e88cdddbb
2022-06-30 07:00:24.510000,FR0012993103,Corporate bond,DIRECTION GENERALE DU TRESOR,1.5,2031-05-25,3685,EUR,97.152,PERC,,BTFE,BTFE,BLOOMBERG,1,D2C,MTF,DBFTFB,6fc88615-7572-4e6d-8c59-8656de3e60dc
2022-06-29 13:09:36.098000,FR0012993103,Corporate bond,DIRECTION GENERALE DU TRESOR,1.5,2031-05-25,4000,EUR,96.131,PERC,,BTFE,BTFE,BLOOMBERG,1,D2C,MTF,DBFTFB,b385f7a1-1b28-4258-85b7-e60e20e4b6ca
2022-06-29 11:17:51.472000,FR0012993103,Corporate bond,DIRECTION GENERALE DU TRESOR,1.5,2031-05-25,54026,EUR,96.188,PERC,,BTFE,BTFE,BLOOMBERG,1,D2C,MTF,DBFTFB,8c8fa482-008c-4d02-95df-1f5fda0c79a5
2022-06-29 10:07:39.330000,FR0012993103,Corporate bond,DIRECTION GENERALE DU TRESOR,1.5,2031-05-25,2000000,EUR,95.938,PERC,,BTFE,BTFE,BLOOMBERG,1,D2C,MTF,DBFTFB,57b1d823-43c4-4726-919f-df2e3d5b6a70
2022-06-29 10:02:13.033000,FR0012993103,Corporate bond,DIRECTION GENERALE DU TRESOR,1.5,2031-05-25,131000,EUR,95.894,PERC,,BTFE,BTFE,BLOOMBERG,1,D2C,MTF,DBFTFB,16804eb0-d21a-462c-9706-bb6d5d8b3ed3
2022-06-29 08:33:42.986000,FR0012993103,Corporate bond,DIRECTION GENERALE DU TRESOR,1.5,2031-05-25,350000,EUR,96.254,PERC,,BTFE,BTFE,BLOOMBERG,1,D2C,MTF,DBFTFB,7fbf4586-33ab-4efd-817e-b84b0521513a
2022-06-29 07:46:55.942000,FR0012993103,Corporate bond,DIRECTION GENERALE DU TRESOR,1.5,2031-05-25,6344,EUR,96.313,PERC,,BTFE,BTFE,BLOOMBERG,1,D2C,MTF,DBFTFB,c2ed758b-c3e9-4888-9f1c-64bc674d4fac
2022-06-29 07:01:05.602000,FR0012993103,Corporate bond,DIRECTION GENERALE DU TRESOR,1.5,2031-05-25,3855,EUR,96.089,PERC,,BTFE,BTFE,BLOOMBERG,1,D2C,MTF,DBFTFB,360fe38d-fd84-4a71-a876-dac678f0f0de
2022-06-28 14:28:46.782000,FR0012993103,Corporate bond,DIRECTION GENERALE DU TRESOR,1.5,2031-05-25,5000,EUR,95.715,PERC,,BTFE,BTFE,BLOOMBERG,1,D2C,MTF,DBFTFB,0e38b521-090e-4bbd-8b58-b1f51984261a
2022-06-28 13:57:29.670000,FR0012993103,Corporate bond,DIRECTION GENERALE DU TRESOR,1.5,2031-05-25,3081,EUR,95.896,PERC,,BTFE,BTFE,BLOOMBERG,1,D2C,MTF,DBFTFB,4ce36482-147e-49da-a2ef-4216852155c4
2022-06-28 09:08:08.697000,FR0012993103,Corporate bond,DIRECTION GENERALE DU TRESOR,1.5,2031-05-25,7461,EUR,96.133,PERC,,BTFE,BTFE,BLOOMBERG,1,D2C,MTF,DBFTFB,f80a398f-9ed0-4e16-bfa6-11e207581764
2022-06-28 09:02:02.295000,FR0012993103,Corporate bond,DIRECTION GENERALE DU TRESOR,1.5,2031-05-25,30000,EUR,96.235,PERC,,BTFE,BTFE,BLOOMBERG,1,D2C,MTF,DBFTFB,4ef69a3b-9e56-4b6d-9405-13b1e8fd083f
2022-06-28 08:27:51.015000,FR0012993103,Corporate bond,DIRECTION GENERALE DU TRESOR,1.5,2031-05-25,3211,EUR,95.988,PERC,,BTFE,BTFE,BLOOMBERG,1,D2C,MTF,DBFTFB,24b124ae-5588-4c49-ba05-0b4733594863
2022-06-28 06:53:06.335717,FR0012993103,Corporate bond,DIRECTION GENERALE DU TRESOR,1.5,2031-05-25,280305331,EUR,95.86132,PERC,IDAF LRGS,BTFE,BTFE,BLOOMBERG,12,D2C,MTF,DBFTFB,
2022-06-27 13:45:13.534000,FR0012993103,Corporate bond,DIRECTION GENERALE DU TRESOR,1.5,2031-05-25,8000,EUR,96.838,PERC,,BTFE,BTFE,BLOOMBERG,1,D2C,MTF,DBFTFB,33a9f213-56e1-489d-b6ba-d82bfce25279
2022-06-27 12:46:40.137000,FR0012993103,Corporate bond,DIRECTION GENERALE DU TRESOR,1.5,2031-05-25,1200,EUR,96.53,PERC,,BTFE,BTFE,BLOOMBERG,1,D2C,MTF,DBFTFB,33b8e8f6-a80f-42d3-bb45-287177d4523a
2022-06-27 08:33:18.281000,FR0012993103,Corporate bond,DIRECTION GENERALE DU TRESOR,1.5,2031-05-25,1250459,EUR,97.073,PERC,,BTFE,BTFE,BLOOMBERG,1,D2C,MTF,DBFTFB,4866a03d-62ab-41f6-a161-b942be8d986b
2022-06-27 08:25:39.544000,FR0012993103,Corporate bond,DIRECTION GENERALE DU TRESOR,1.5,2031-05-25,2000,EUR,97.016,PERC,,BTFE,BTFE,BLOOMBERG,1,D2C,MTF,DBFTFB,ece5edfc-5ed4-40f3-a7c3-484600089f27
2022-06-27 07:49:21.075000,FR0012993103,Corporate bond,DIRECTION GENERALE DU TRESOR,1.5,2031-05-25,15000,EUR,97.316,PERC,,BTFE,BTFE,BLOOMBERG,1,D2C,MTF,DBFTFB,7c78348e-8e34-4179-9622-7e7d011b4aeb
2022-06-27 07:26:03.889000,FR0012993103,Corporate bond,DIRECTION GENERALE DU TRESOR,1.5,2031-05-25,1339,EUR,97.042,PERC,,BTFE,BTFE,BLOOMBERG,1,D2C,MTF,DBFTFB,8f455010-9de0-4afc-bb7a-33e7792e2a2c
2022-06-24 16:14:00.150000,FR0012993103,Corporate bond,DIRECTION GENERALE DU TRESOR,1.5,2031-05-25,1400000,EUR,97.522,PERC,,BTFE,BTFE,BLOOMBERG,1,D2C,MTF,DBFTFB,f1a7dede-c601-4965-8a7d-0433f341e2d0
2022-06-24 15:21:17.534000,FR0012993103,Corporate bond,DIRECTION GENERALE DU TRESOR,1.5,2031-05-25,2238723,EUR,97.545,PERC,,BTFE,BTFE,BLOOMBERG,1,D2C,MTF,DBFTFB,d41bf457-d83a-4059-baf4-834f5958a17a
2022-06-24 15:01:17.001000,FR0012993103,Corporate bond,DIRECTION GENERALE DU TRESOR,1.5,2031-05-25,10815,EUR,97.355,PERC,,BTFE,BTFE,BLOOMBERG,1,D2C,MTF,DBFTFB,c68dfe82-dd25-42cd-8a35-1d216958da25
2022-06-24 14:59:03.248000,FR0012993103,Corporate bond,DIRECTION GENERALE DU TRESOR,1.5,2031-05-25,515690,EUR,97.372,PERC,,BTFE,BTFE,BLOOMBERG,1,D2C,MTF,DBFTFB,cb14ce3d-fe01-464b-bd80-09b8f0fc9210
2022-06-24 13:41:01.792000,FR0012993103,Corporate bond,DIRECTION GENERALE DU TRESOR,1.5,2031-05-25,25000,EUR,97.288,PERC,,BTFE,BTFE,BLOOMBERG,1,D2C,MTF,DBFTFB,0b1eb957-292c-47d5-a1a7-4e54077b8efb
2022-06-24 12:32:54.515000,FR0012993103,Corporate bond,DIRECTION GENERALE DU TRESOR,1.5,2031-05-25,111037,EUR,97.114,PERC,,BTFE,BTFE,BLOOMBERG,1,D2C,MTF,DBFTFB,1b17db69-eb63-490c-8c92-cd219bd09c15
2022-06-24 10:32:16.304000,FR0012993103,Corporate bond,DIRECTION GENERALE DU TRESOR,1.5,2031-05-25,597,EUR,97.245,PERC,,BTFE,BTFE,BLOOMBERG,1,D2C,MTF,DBFTFB,34c43496-40d8-4093-82b2-9404e3490f86
2022-06-24 08:45:10.044000,FR0012993103,Corporate bond,DIRECTION GENERALE DU TRESOR,1.5,2031-05-25,500000,EUR,97.609,PERC,,BTFE,BTFE,BLOOMBERG,1,D2C,MTF,DBFTFB,8fedea1f-1f1e-42c4-b764-039a805c4464
2022-06-23 13:40:30.237000,FR0012993103,Corporate bond,DIRECTION GENERALE DU TRESOR,1.5,2031-05-25,8000,EUR,97.492,PERC,,BTFE,BTFE,BLOOMBERG,1,D2C,MTF,DBFTFB,0dd2fc45-adf6-407d-a6b2-bc01ff50dd3f
2022-06-23 10:52:17.808000,FR0012993103,Corporate bond,DIRECTION GENERALE DU TRESOR,1.5,2031-05-25,11000,EUR,97.219,PERC,,BTFE,BTFE,BLOOMBERG,1,D2C,MTF,DBFTFB,5b1672c3-aefe-49b9-aa1a-575790114fef
2022-06-23 09:29:36.617000,FR0012993103,Corporate bond,DIRECTION GENERALE DU TRESOR,1.5,2031-05-25,250000,EUR,97.358,PERC,,BTFE,BTFE,BLOOMBERG,1,D2C,MTF,DBFTFB,e60a5ead-c6e3-46ff-b2fd-373e5489d74f
2022-06-23 07:58:11.497000,FR0012993103,Corporate bond,DIRECTION GENERALE DU TRESOR,1.5,2031-05-25,5446,EUR,96.857,PERC,,BTFE,BTFE,BLOOMBERG,1,D2C,MTF,DBFTFB,95605901-1e23-412a-a340-9d5e9e625ab9
2022-06-23 07:41:49.281000,FR0012993103,Corporate bond,DIRECTION GENERALE DU TRESOR,1.5,2031-05-25,2500000,EUR,96.929,PERC,,BTFE,BTFE,BLOOMBERG,1,D2C,MTF,DBFTFB,b186ea75-d85a-4cc0-8ecf-17990ee08345
2022-06-23 07:41:34.724000,FR0012993103,Corporate bond,DIRECTION GENERALE DU TRESOR,1.5,2031-05-25,2500000,EUR,96.935,PERC,,BTFE,BTFE,BLOOMBERG,1,D2C,MTF,DBFTFB,abba46be-14e2-4334-ba74-f0ee988fce68
2022-06-22 15:37:39.619000,FR0012993103,Corporate bond,DIRECTION GENERALE DU TRESOR,1.5,2031-05-25,33000,EUR,95.87,PERC,,BTFE,BTFE,BLOOMBERG,1,D2C,MTF,DBFTFB,97ca5035-7e06-4fba-95f5-46d214bd2cac
2022-06-22 12:08:10.578000,FR0012993103,Corporate bond,DIRECTION GENERALE DU TRESOR,1.5,2031-05-25,43000,EUR,95.425,PERC,,BTFE,BTFE,BLOOMBERG,1,D2C,MTF,DBFTFB,8eaece5d-4d77-4be8-aecc-a6e51c041b9f
2022-06-22 11:17:35.913000,FR0012993103,Corporate bond,DIRECTION GENERALE DU TRESOR,1.5,2031-05-25,100000,EUR,95.522,PERC,,BTFE,BTFE,BLOOMBERG,1,D2C,MTF,DBFTFB,f4b44d03-de2b-415a-a82b-5e8134893614
2022-06-22 11:11:51.660000,FR0012993103,Corporate bond,DIRECTION GENERALE DU TRESOR,1.5,2031-05-25,500000,EUR,95.571,PERC,,BTFE,BTFE,BLOOMBERG,1,D2C,MTF,DBFTFB,05b9901a-dcf9-4e2c-b0e2-e9185c4ff56b
2022-06-22 09:35:11.901000,FR0012993103,Corporate bond,DIRECTION GENERALE DU TRESOR,1.5,2031-05-25,2486,EUR,95.33,PERC,,BTFE,BTFE,BLOOMBERG,1,D2C,MTF,DBFTFB,03c6a1c5-6947-4dce-a868-6cf65ba2c50b
2022-06-22 09:27:45.654000,FR0012993103,Corporate bond,DIRECTION GENERALE DU TRESOR,1.5,2031-05-25,700000,EUR,95.278,PERC,,BTFE,BTFE,BLOOMBERG,1,D2C,MTF,DBFTFB,f45cab32-2673-48a0-b648-74ebc275e25b
2022-06-22 08:43:48.155000,FR0012993103,Corporate bond,DIRECTION GENERALE DU TRESOR,1.5,2031-05-25,33000,EUR,95.227,PERC,,BTFE,BTFE,BLOOMBERG,1,D2C,MTF,DBFTFB,fb672df3-ba0b-4d83-8e32-80a4b0213055
2022-06-22 08:35:12.349000,FR0012993103,Corporate bond,DIRECTION GENERALE DU TRESOR,1.5,2031-05-25,4821,EUR,95.162,PERC,,BTFE,BTFE,BLOOMBERG,1,D2C,MTF,DBFTFB,aa945fd0-6f45-4d09-a597-a883fda23688
2022-06-22 07:14:25.509000,FR0012993103,Corporate bond,DIRECTION GENERALE DU TRESOR,1.5,2031-05-25,217,EUR,95.119,PERC,,BTFE,BTFE,BLOOMBERG,1,D2C,MTF,DBFTFB,c0b19b18-0f0d-4c07-99a3-220f4f7f137b
2022-06-21 15:28:52.769000,FR0012993103,Corporate bond,DIRECTION GENERALE DU TRESOR,1.5,2031-05-25,1000000,EUR,94.626,PERC,,BTFE,BTFE,BLOOMBERG,1,D2C,MTF,DBFTFB,cf234ef3-61d4-4d87-a773-73bb6863298b
2022-06-21 14:24:47.166000,FR0012993103,Corporate bond,DIRECTION GENERALE DU TRESOR,1.5,2031-05-25,1000000,EUR,94.637,PERC,,BTFE,BTFE,BLOOMBERG,1,D2C,MTF,DBFTFB,ee1024f0-660e-46f5-a2d7-31a072a25b67
2022-06-21 12:37:38.790000,FR0012993103,Corporate bond,DIRECTION GENERALE DU TRESOR,1.5,2031-05-25,13590,EUR,94.749,PERC,,BTFE,BTFE,BLOOMBERG,1,D2C,MTF,DBFTFB,7481128a-b6da-4711-a7b3-1001a92ce3fa
2022-06-21 10:36:34.912000,FR0012993103,Corporate bond,DIRECTION GENERALE DU TRESOR,1.5,2031-05-25,50000,EUR,94.601,PERC,,BTFE,BTFE,BLOOMBERG,1,D2C,MTF,DBFTFB,f6e40123-f674-49fd-ad37-869749fb0699
2022-06-21 10:30:05.628000,FR0012993103,Corporate bond,DIRECTION GENERALE DU TRESOR,1.5,2031-05-25,100000,EUR,94.67,PERC,,BTFE,BTFE,BLOOMBERG,1,D2C,MTF,DBFTFB,20410f57-a903-4512-a2a1-e28198dcb16e
2022-06-21 10:22:22.102000,FR0012993103,Corporate bond,DIRECTION GENERALE DU TRESOR,1.5,2031-05-25,59000,EUR,94.708,PERC,,BTFE,BTFE,BLOOMBERG,1,D2C,MTF,DBFTFB,4526717e-0182-4d33-87ed-f4b06e89e751
2022-06-21 10:10:50.264000,FR0012993103,Corporate bond,DIRECTION GENERALE DU TRESOR,1.5,2031-05-25,50000,EUR,94.81,PERC,,BTFE,BTFE,BLOOMBERG,1,D2C,MTF,DBFTFB,115ec059-e94b-44af-b2b7-3af6e9754d12
2022-06-21 09:15:10.734000,FR0012993103,Corporate bond,DIRECTION GENERALE DU TRESOR,1.5,2031-05-25,600000,EUR,94.87,PERC,,BTFE,BTFE,BLOOMBERG,1,D2C,MTF,DBFTFB,dcc60b7e-5d6a-4a18-9d25-7716e88f2abb
2022-06-21 08:44:31.630000,FR0012993103,Corporate bond,DIRECTION GENERALE DU TRESOR,1.5,2031-05-25,10585,EUR,94.873,PERC,,BTFE,BTFE,BLOOMBERG,1,D2C,MTF,DBFTFB,00df0158-26cb-4817-a3ac-7f58f4d47195
2022-06-21 07:00:43.505000,FR0012993103,Corporate bond,DIRECTION GENERALE DU TRESOR,1.5,2031-05-25,2521,EUR,94.837,PERC,,BTFE,BTFE,BLOOMBERG,1,D2C,MTF,DBFTFB,41a25062-29e9-4427-ae1d-4e72316e8257
2022-06-21 06:51:33.652441,FR0012993103,Corporate bond,DIRECTION GENERALE DU TRESOR,1.5,2031-05-25,321067700,EUR,94.977725,PERC,IDAF LRGS TPAC,BTFE,BTFE,BLOOMBERG,17,D2C,MTF,DBFTFB,
2022-06-20 15:15:45.002000,FR0012993103,Corporate bond,DIRECTION GENERALE DU TRESOR,1.5,2031-05-25,25000,EUR,94.856,PERC,,BTFE,BTFE,BLOOMBERG,1,D2C,MTF,DBFTFB,cc8a14e2-1e6c-4756-8144-3d0e9468d455
2022-06-20 15:07:57.023000,FR0012993103,Corporate bond,DIRECTION GENERALE DU TRESOR,1.5,2031-05-25,1366000,EUR,94.868,PERC,,BTFE,BTFE,BLOOMBERG,1,D2C,MTF,DBFTFB,16e5666e-66c2-4746-be5b-7f2a0fcfd40e
2022-06-20 12:50:09.404000,FR0012993103,Corporate bond,DIRECTION GENERALE DU TRESOR,1.5,2031-05-25,3100,EUR,95.264,PERC,,BTFE,BTFE,BLOOMBERG,1,D2C,MTF,DBFTFB,d4b8347d-3aeb-4d3b-a323-0d5ebea0be6c
2022-06-20 08:34:09.008000,FR0012993103,Corporate bond,DIRECTION GENERALE DU TRESOR,1.5,2031-05-25,4000,EUR,95.692,PERC,,BTFE,BTFE,BLOOMBERG,1,D2C,MTF,DBFTFB,41dd356c-dbc6-497f-923d-1a436c2ecd0e
2022-06-20 07:46:05.762000,FR0012993103,Corporate bond,DIRECTION GENERALE DU TRESOR,1.5,2031-05-25,830,EUR,95.309,PERC,,BTFE,BTFE,BLOOMBERG,1,D2C,MTF,DBFTFB,7cadaca1-675f-4d64-a444-8470d482e535
2022-06-20 07:45:40.196000,FR0012993103,Corporate bond,DIRECTION GENERALE DU TRESOR,1.5,2031-05-25,309,EUR,95.288,PERC,,BTFE,BTFE,BLOOMBERG,1,D2C,MTF,DBFTFB,b21fc7cc-1af3-46e8-9d44-a5cdad112b4c
2022-06-20 07:20:35.407000,FR0012993103,Corporate bond,DIRECTION GENERALE DU TRESOR,1.5,2031-05-25,10000,EUR,95.29,PERC,,BTFE,BTFE,BLOOMBERG,1,D2C,MTF,DBFTFB,cca90402-1606-4ddb-bf51-44287e4f16be
2022-06-17 15:48:59.407000,FR0012993103,Corporate bond,DIRECTION GENERALE DU TRESOR,1.5,2031-05-25,53000,EUR,95.568,PERC,,BTFE,BTFE,BLOOMBERG,1,D2C,MTF,DBFTFB,370d8d9f-befc-4e0d-99a0-62a1764af81d
2022-06-17 15:13:51.429000,FR0012993103,Corporate bond,DIRECTION GENERALE DU TRESOR,1.5,2031-05-25,3000,EUR,95.506,PERC,,BTFE,BTFE,BLOOMBERG,1,D2C,MTF,DBFTFB,460aa224-ae18-4de9-ba4b-8c4992d95354
2022-06-17 12:37:33.960000,FR0012993103,Corporate bond,DIRECTION GENERALE DU TRESOR,1.5,2031-05-25,800,EUR,95.522,PERC,,BTFE,BTFE,BLOOMBERG,1,D2C,MTF,DBFTFB,0634f89f-71fe-4c15-a9bb-9fe24642d012
2022-06-17 12:35:10.102000,FR0012993103,Corporate bond,DIRECTION GENERALE DU TRESOR,1.5,2031-05-25,805,EUR,95.553,PERC,,BTFE,BTFE,BLOOMBERG,1,D2C,MTF,DBFTFB,0c0bc8a0-c181-449d-ba35-c7d690276148
2022-06-17 12:32:34.838000,FR0012993103,Corporate bond,DIRECTION GENERALE DU TRESOR,1.5,2031-05-25,61000,EUR,95.546,PERC,,BTFE,BTFE,BLOOMBERG,1,D2C,MTF,DBFTFB,94f7ecc9-bd2f-4ebb-aa7f-f4908ff322d4
2022-06-17 10:47:55.928000,FR0012993103,Corporate bond,DIRECTION GENERALE DU TRESOR,1.5,2031-05-25,12000,EUR,95.68,PERC,,BTFE,BTFE,BLOOMBERG,1,D2C,MTF,DBFTFB,0d21c86c-beee-4c6d-8a03-c26124bc53e4
2022-06-17 10:16:06.269000,FR0012993103,Corporate bond,DIRECTION GENERALE DU TRESOR,1.5,2031-05-25,33796,EUR,95.696,PERC,,BTFE,BTFE,BLOOMBERG,1,D2C,MTF,DBFTFB,aad7b1b0-d133-4512-862c-78faa0aeb3e0
2022-06-17 08:53:17.823000,FR0012993103,Corporate bond,DIRECTION GENERALE DU TRESOR,1.5,2031-05-25,1815,EUR,95.467,PERC,,BTFE,BTFE,BLOOMBERG,1,D2C,MTF,DBFTFB,34529463-9b22-4c1e-9881-c9f89c6db8a0
2022-06-17 08:32:24.348000,FR0012993103,Corporate bond,DIRECTION GENERALE DU TRESOR,1.5,2031-05-25,10058,EUR,95.639,PERC,,BTFE,BTFE,BLOOMBERG,1,D2C,MTF,DBFTFB,cee7417b-8e9b-4d9a-9ff6-05820159c78d
2022-06-17 08:22:08.757000,FR0012993103,Corporate bond,DIRECTION GENERALE DU TRESOR,1.5,2031-05-25,6852,EUR,95.625,PERC,,BTFE,BTFE,BLOOMBERG,1,D2C,MTF,DBFTFB,f19a88c6-73b5-4b42-a5be-1d4533c48659
2022-06-17 08:08:43.945000,FR0012993103,Corporate bond,DIRECTION GENERALE DU TRESOR,1.5,2031-05-25,2510,EUR,95.277,PERC,,BTFE,BTFE,BLOOMBERG,1,D2C,MTF,DBFTFB,d2a13d78-a077-4f73-ba5b-e418b02e0c5b
2022-06-17 07:54:37.923000,FR0012993103,Corporate bond,DIRECTION GENERALE DU TRESOR,1.5,2031-05-25,691,EUR,95.253,PERC,,BTFE,BTFE,BLOOMBERG,1,D2C,MTF,DBFTFB,c37f4c14-8e2f-4b71-9219-857890b6cbf9
2022-06-17 07:41:44.445000,FR0012993103,Corporate bond,DIRECTION GENERALE DU TRESOR,1.5,2031-05-25,32000,EUR,95.1374,PERC,,BTFE,BTFE,BLOOMBERG,1,D2C,MTF,DBFTFB,11737215-40f5-429b-96f7-e42afa7ed1f9
2022-06-17 07:31:17.762000,FR0012993103,Corporate bond,DIRECTION GENERALE DU TRESOR,1.5,2031-05-25,4270,EUR,95.155,PERC,,BTFE,BTFE,BLOOMBERG,1,D2C,MTF,DBFTFB,be7e60be-dff6-4507-a9de-4b421769e102
2022-06-17 07:01:32.381000,FR0012993103,Corporate bond,DIRECTION GENERALE DU TRESOR,1.5,2031-05-25,142,EUR,95.085,PERC,,BTFE,BTFE,BLOOMBERG,1,D2C,MTF,DBFTFB,8f65138d-62b2-4e20-a107-2ec8fb8bdeb8
2022-06-16 14:36:02.001000,FR0012993103,Corporate bond,DIRECTION GENERALE DU TRESOR,1.5,2031-05-25,8812,EUR,94.683,PERC,,BTFE,BTFE,BLOOMBERG,1,D2C,MTF,DBFTFB,9b35a24b-9cdc-4b0b-9647-8a6778668628
2022-06-16 14:28:06.040000,FR0012993103,Corporate bond,DIRECTION GENERALE DU TRESOR,1.5,2031-05-25,10000,EUR,94.571,PERC,,BTFE,BTFE,BLOOMBERG,1,D2C,MTF,DBFTFB,93888038-cf41-46b0-a3f3-a7a9e9149c66
2022-06-16 13:04:27.965000,FR0012993103,Corporate bond,DIRECTION GENERALE DU TRESOR,1.5,2031-05-25,50000,EUR,94.331,PERC,,BTFE,BTFE,BLOOMBERG,1,D2C,MTF,DBFTFB,b9a4810a-b232-44b3-912a-c35633fff4fc
2022-06-16 12:50:19.280000,FR0012993103,Corporate bond,DIRECTION GENERALE DU TRESOR,1.5,2031-05-25,50000,EUR,94.155,PERC,,BTFE,BTFE,BLOOMBERG,1,D2C,MTF,DBFTFB,6fc45ef0-33f2-49c0-8853-84d2a9cfc16c
2022-06-16 12:16:43.881000,FR0012993103,Corporate bond,DIRECTION GENERALE DU TRESOR,1.5,2031-05-25,2578774,EUR,94.297,PERC,,BTFE,BTFE,BLOOMBERG,1,D2C,MTF,DBFTFB,af4b5c43-4d2c-4943-b95b-5448d40ede81
2022-06-16 10:39:41.182000,FR0012993103,Corporate bond,DIRECTION GENERALE DU TRESOR,1.5,2031-05-25,1880,EUR,94.034,PERC,,BTFE,BTFE,BLOOMBERG,1,D2C,MTF,DBFTFB,f4fa020a-0079-43d4-aa60-2f300505d383
2022-06-16 10:30:30.308000,FR0012993103,Corporate bond,DIRECTION GENERALE DU TRESOR,1.5,2031-05-25,8000,EUR,94.053,PERC,,BTFE,BTFE,BLOOMBERG,1,D2C,MTF,DBFTFB,c89cb796-365f-4b46-a2ca-cc5d5672be9d
2022-06-16 09:23:06.352000,FR0012993103,Corporate bond,DIRECTION GENERALE DU TRESOR,1.5,2031-05-25,6000,EUR,94.053,PERC,,BTFE,BTFE,BLOOMBERG,1,D2C,MTF,DBFTFB,68cc76bb-e232-48f9-b578-98d5716c9206
2022-06-16 08:57:23.637000,FR0012993103,Corporate bond,DIRECTION GENERALE DU TRESOR,1.5,2031-05-25,5129,EUR,94.276,PERC,,BTFE,BTFE,BLOOMBERG,1,D2C,MTF,DBFTFB,0a1852e3-0174-42d8-89c1-c10d03736227
2022-06-16 08:35:04.953000,FR0012993103,Corporate bond,DIRECTION GENERALE DU TRESOR,1.5,2031-05-25,450000,EUR,94.548,PERC,,BTFE,BTFE,BLOOMBERG,1,D2C,MTF,DBFTFB,a8ee818b-8386-45a9-b8a1-68ff5d4c103c
2022-06-16 08:01:33.537000,FR0012993103,Corporate bond,DIRECTION GENERALE DU TRESOR,1.5,2031-05-25,1600000,EUR,94.681,PERC,,BTFE,BTFE,BLOOMBERG,1,D2C,MTF,DBFTFB,22d5ea87-78a2-460c-90e6-21df2156627c
2022-06-15 15:09:46.724000,FR0012993103,Corporate bond,DIRECTION GENERALE DU TRESOR,1.5,2031-05-25,200000,EUR,95.571,PERC,,BTFE,BTFE,BLOOMBERG,1,D2C,MTF,DBFTFB,e19672a8-039f-4f11-a330-c77ee1d030b5
2022-06-15 14:31:33.068000,FR0012993103,Corporate bond,DIRECTION GENERALE DU TRESOR,1.5,2031-05-25,10000,EUR,95.628,PERC,,BTFE,BTFE,BLOOMBERG,1,D2C,MTF,DBFTFB,145d23bf-4ca8-4c99-9c61-17135a0dd460
2022-06-15 10:17:58.784000,FR0012993103,Corporate bond,DIRECTION GENERALE DU TRESOR,1.5,2031-05-25,3380,EUR,94.878,PERC,,BTFE,BTFE,BLOOMBERG,1,D2C,MTF,DBFTFB,e40c93d5-5bcd-430d-86e0-67013a20a926
2022-06-15 09:37:31.582000,FR0012993103,Corporate bond,DIRECTION GENERALE DU TRESOR,1.5,2031-05-25,98000,EUR,94.596,PERC,,BTFE,BTFE,BLOOMBERG,1,D2C,MTF,DBFTFB,a64667ff-e7da-40d9-827b-17c4403d3b6e
2022-06-15 09:35:17.366000,FR0012993103,Corporate bond,DIRECTION GENERALE DU TRESOR,1.5,2031-05-25,58557,EUR,94.625,PERC,,BTFE,BTFE,BLOOMBERG,1,D2C,MTF,DBFTFB,2522c2c3-e983-4a31-be47-0f6f972a5ca9
2022-06-15 08:58:01.302000,FR0012993103,Corporate bond,DIRECTION GENERALE DU TRESOR,1.5,2031-05-25,12000,EUR,94.644,PERC,,BTFE,BTFE,BLOOMBERG,1,D2C,MTF,DBFTFB,51f7412d-f67d-4806-b2e5-c7d6040b025c
2022-06-15 08:09:50.249000,FR0012993103,Corporate bond,DIRECTION GENERALE DU TRESOR,1.5,2031-05-25,4549,EUR,94.448,PERC,,BTFE,BTFE,BLOOMBERG,1,D2C,MTF,DBFTFB,985e6ad4-d9d4-4a87-9e6e-09ba6165210d
2022-06-15 08:09:38.185000,FR0012993103,Corporate bond,DIRECTION GENERALE DU TRESOR,1.5,2031-05-25,840,EUR,94.48,PERC,,BTFE,BTFE,BLOOMBERG,1,D2C,MTF,DBFTFB,c2b3f6fa-03db-4781-bd04-3a9cca56ea24
2022-06-14 14:46:29.724000,FR0012993103,Corporate bond,DIRECTION GENERALE DU TRESOR,1.5,2031-05-25,8000,EUR,94.516,PERC,,BTFE,BTFE,BLOOMBERG,1,D2C,MTF,DBFTFB,1eb200c9-ee87-416d-9474-5095a4522f3c
2022-06-14 14:27:21.548000,FR0012993103,Corporate bond,DIRECTION GENERALE DU TRESOR,1.5,2031-05-25,612,EUR,94.656,PERC,,BTFE,BTFE,BLOOMBERG,1,D2C,MTF,DBFTFB,6c8b9a07-f7fb-41e0-b214-0710106d7b58
2022-06-14 14:27:03.942000,FR0012993103,Corporate bond,DIRECTION GENERALE DU TRESOR,1.5,2031-05-25,50000,EUR,94.678,PERC,,BTFE,BTFE,BLOOMBERG,1,D2C,MTF,DBFTFB,f2f28b81-0ff2-4a8d-bbcd-37f8e846dfa7
2022-06-14 14:24:56.740000,FR0012993103,Corporate bond,DIRECTION GENERALE DU TRESOR,1.5,2031-05-25,10000,EUR,94.724,PERC,,BTFE,BTFE,BLOOMBERG,1,D2C,MTF,DBFTFB,a448a094-cd15-4f9d-b91d-0572ffe2e179
2022-06-14 12:57:49.081000,FR0012993103,Corporate bond,DIRECTION GENERALE DU TRESOR,1.5,2031-05-25,5700,EUR,95.033,PERC,,BTFE,BTFE,BLOOMBERG,1,D2C,MTF,DBFTFB,93c58ff2-c0c7-468e-8709-cecb190adc15
2022-06-14 12:41:54.287000,FR0012993103,Corporate bond,DIRECTION GENERALE DU TRESOR,1.5,2031-05-25,10000,EUR,95.04,PERC,,BTFE,BTFE,BLOOMBERG,1,D2C,MTF,DBFTFB,505728ee-383a-4661-b64e-7e65ee4509b0
2022-06-14 12:32:28.857000,FR0012993103,Corporate bond,DIRECTION GENERALE DU TRESOR,1.5,2031-05-25,23000,EUR,94.945,PERC,,BTFE,BTFE,BLOOMBERG,1,D2C,MTF,DBFTFB,cbd08049-1756-4171-b597-8105177069f3
2022-06-14 12:11:23.432000,FR0012993103,Corporate bond,DIRECTION GENERALE DU TRESOR,1.5,2031-05-25,200000,EUR,94.727,PERC,,BTFE,BTFE,BLOOMBERG,1,D2C,MTF,DBFTFB,23a29189-8845-4a61-acc7-aef31b42b69b
2022-06-14 09:36:24.409000,FR0012993103,Corporate bond,DIRECTION GENERALE DU TRESOR,1.5,2031-05-25,600000,EUR,94.912,PERC,,BTFE,BTFE,BLOOMBERG,1,D2C,MTF,DBFTFB,594d2c7b-421d-4ac3-9527-81adc0f77e34
2022-06-14 07:53:56.548000,FR0012993103,Corporate bond,DIRECTION GENERALE DU TRESOR,1.5,2031-05-25,3376,EUR,95.227,PERC,,BTFE,BTFE,BLOOMBERG,1,D2C,MTF,DBFTFB,96fd01fe-fd5b-407b-9c82-72eec69f099a
2022-06-14 07:49:28.572000,FR0012993103,Corporate bond,DIRECTION GENERALE DU TRESOR,1.5,2031-05-25,400000,EUR,95.254,PERC,,BTFE,BTFE,BLOOMBERG,1,D2C,MTF,DBFTFB,eb070f13-b149-4edf-bba1-5acfa1f45dea
2022-06-14 07:07:54.780000,FR0012993103,Corporate bond,DIRECTION GENERALE DU TRESOR,1.5,2031-05-25,2450000,EUR,95.523,PERC,,BTFE,BTFE,BLOOMBERG,1,D2C,MTF,DBFTFB,5018908a-ecde-446c-97eb-284f63f41b8d
2022-06-14 06:48:15.037450,FR0012993103,Corporate bond,DIRECTION GENERALE DU TRESOR,1.5,2031-05-25,180684000,EUR,97.743171,PERC,IDAF LRGS,BTFE,BTFE,BLOOMBERG,13,D2C,MTF,DBFTFB,
2022-06-13 15:23:32.028000,FR0012993103,Corporate bond,DIRECTION GENERALE DU TRESOR,1.5,2031-05-25,5000,EUR,95.16,PERC,,BTFE,BTFE,BLOOMBERG,1,D2C,MTF,DBFTFB,e1908162-8c66-49fe-b3a0-3ccd0a1b68ce
2022-06-13 15:10:17.185000,FR0012993103,Corporate bond,DIRECTION GENERALE DU TRESOR,1.5,2031-05-25,508,EUR,95.224,PERC,,BTFE,BTFE,BLOOMBERG,1,D2C,MTF,DBFTFB,6fbf452b-165e-4bc0-97a1-dfda5ebbbb05
2022-06-13 15:04:11.062000,FR0012993103,Corporate bond,DIRECTION GENERALE DU TRESOR,1.5,2031-05-25,16000,EUR,95.262,PERC,,BTFE,BTFE,BLOOMBERG,1,D2C,MTF,DBFTFB,52ad5c23-1203-47de-892b-8b9dc1cb72be
2022-06-13 14:20:35.347000,FR0012993103,Corporate bond,DIRECTION GENERALE DU TRESOR,1.5,2031-05-25,28000,EUR,95.431,PERC,,BTFE,BTFE,BLOOMBERG,1,D2C,MTF,DBFTFB,f46874c8-70f4-4bc3-b3d1-b497a3f61355
2022-06-13 14:17:24.065000,FR0012993103,Corporate bond,DIRECTION GENERALE DU TRESOR,1.5,2031-05-25,700000,EUR,95.452,PERC,,BTFE,BTFE,BLOOMBERG,1,D2C,MTF,DBFTFB,d20b69f3-b259-4458-8c22-5577840a6425
2022-06-13 14:03:23.391000,FR0012993103,Corporate bond,DIRECTION GENERALE DU TRESOR,1.5,2031-05-25,5000,EUR,95.609,PERC,,BTFE,BTFE,BLOOMBERG,1,D2C,MTF,DBFTFB,83b6af6e-fef7-4171-928d-259f39148a9b
2022-06-13 12:37:31.382000,FR0012993103,Corporate bond,DIRECTION GENERALE DU TRESOR,1.5,2031-05-25,2590,EUR,95.644,PERC,,BTFE,BTFE,BLOOMBERG,1,D2C,MTF,DBFTFB,8e73955b-968c-4d6b-8719-7079a71eb1f6
2022-06-13 12:20:08.148000,FR0012993103,Corporate bond,DIRECTION GENERALE DU TRESOR,1.5,2031-05-25,17000,EUR,95.363,PERC,,BTFE,BTFE,BLOOMBERG,1,D2C,MTF,DBFTFB,b04c4762-d7b8-4382-9ee4-1b64a81ac5f5
2022-06-13 11:30:37.439000,FR0012993103,Corporate bond,DIRECTION GENERALE DU TRESOR,1.5,2031-05-25,25100,EUR,95.548,PERC,,BTFE,BTFE,BLOOMBERG,1,D2C,MTF,DBFTFB,90223b2d-3675-4fb1-b1e5-0a8ebe75adc2
2022-06-13 08:49:45.191000,FR0012993103,Corporate bond,DIRECTION GENERALE DU TRESOR,1.5,2031-05-25,3987,EUR,95.795,PERC,,BTFE,BTFE,BLOOMBERG,1,D2C,MTF,DBFTFB,de5dc025-6ef5-466d-93f1-96baae21f291
2022-06-13 08:39:01.402000,FR0012993103,Corporate bond,DIRECTION GENERALE DU TRESOR,1.5,2031-05-25,5987,EUR,95.903,PERC,,BTFE,BTFE,BLOOMBERG,1,D2C,MTF,DBFTFB,4b2efd6f-2773-4c3f-8083-a5b81ffb3a94
2022-06-13 08:31:16.668000,FR0012993103,Corporate bond,DIRECTION GENERALE DU TRESOR,1.5,2031-05-25,4706,EUR,95.894,PERC,,BTFE,BTFE,BLOOMBERG,1,D2C,MTF,DBFTFB,38aecc5e-e8dc-4262-98bb-133375e66a78
2022-06-13 08:12:29.072000,FR0012993103,Corporate bond,DIRECTION GENERALE DU TRESOR,1.5,2031-05-25,410,EUR,96.153,PERC,,BTFE,BTFE,BLOOMBERG,1,D2C,MTF,DBFTFB,f4ec5984-78d5-42c0-b0a8-a2901fb027ce
2022-06-13 07:55:59.471000,FR0012993103,Corporate bond,DIRECTION GENERALE DU TRESOR,1.5,2031-05-25,11000,EUR,96.021,PERC,,BTFE,BTFE,BLOOMBERG,1,D2C,MTF,DBFTFB,92a32dab-92ee-4d31-91a6-7a1fc9714532
2022-06-13 07:03:03.272000,FR0012993103,Corporate bond,DIRECTION GENERALE DU TRESOR,1.5,2031-05-25,3838,EUR,96.003,PERC,,BTFE,BTFE,BLOOMBERG,1,D2C,MTF,DBFTFB,cee11fa9-5892-4628-83b5-6f1d7d5379a8
2022-06-10 14:37:02.819000,FR0012993103,Corporate bond,DIRECTION GENERALE DU TRESOR,1.5,2031-05-25,16000,EUR,96.761,PERC,,BTFE,BTFE,BLOOMBERG,1,D2C,MTF,DBFTFB,5de4f08a-12f2-4258-a959-658a48981dc1
2022-06-10 14:16:14.100000,FR0012993103,Corporate bond,DIRECTION GENERALE DU TRESOR,1.5,2031-05-25,14000,EUR,96.906,PERC,,BTFE,BTFE,BLOOMBERG,1,D2C,MTF,DBFTFB,27a833aa-8c4f-4637-80b4-ac233da8b273
2022-06-10 12:42:11.808000,FR0012993103,Corporate bond,DIRECTION GENERALE DU TRESOR,1.5,2031-05-25,3200,EUR,97.569,PERC,,BTFE,BTFE,BLOOMBERG,1,D2C,MTF,DBFTFB,09e09ec9-b4e3-425e-81ea-d073f08fe5bb
2022-06-10 09:54:24.714000,FR0012993103,Corporate bond,DIRECTION GENERALE DU TRESOR,1.5,2031-05-25,1100000,EUR,97.374,PERC,,BTFE,BTFE,BLOOMBERG,1,D2C,MTF,DBFTFB,013e2f69-f1e8-4e0f-93e1-f7e2aaa5221d
2022-06-10 07:49:12.133000,FR0012993103,Corporate bond,DIRECTION GENERALE DU TRESOR,1.5,2031-05-25,700000,EUR,97.271,PERC,,BTFE,BTFE,BLOOMBERG,1,D2C,MTF,DBFTFB,15b69977-22b9-4cc1-89a9-1a5e30c203c4
2022-06-10 07:05:01.945000,FR0012993103,Corporate bond,DIRECTION GENERALE DU TRESOR,1.5,2031-05-25,11335,EUR,97.246,PERC,,BTFE,BTFE,BLOOMBERG,1,D2C,MTF,DBFTFB,e81de176-aab0-4e63-9c53-99abd51cf90c
2022-06-10 07:00:55.084000,FR0012993103,Corporate bond,DIRECTION GENERALE DU TRESOR,1.5,2031-05-25,12930,EUR,97.232,PERC,,BTFE,BTFE,BLOOMBERG,1,D2C,MTF,DBFTFB,9d473dd6-b3a7-4cb6-a360-581ae0107ff1
2022-06-09 14:54:08.580000,FR0012993103,Corporate bond,DIRECTION GENERALE DU TRESOR,1.5,2031-05-25,2050000,EUR,97.348,PERC,,BTFE,BTFE,BLOOMBERG,1,D2C,MTF,DBFTFB,2b3f7698-698b-42c0-a7ae-6adcb7c808d8
2022-06-09 14:30:02.879000,FR0012993103,Corporate bond,DIRECTION GENERALE DU TRESOR,1.5,2031-05-25,59000,EUR,97.52,PERC,,BTFE,BTFE,BLOOMBERG,1,D2C,MTF,DBFTFB,71f7caa3-b4a0-4b1b-baa6-ea3833f71408
2022-06-09 14:03:03.564000,FR0012993103,Corporate bond,DIRECTION GENERALE DU TRESOR,1.5,2031-05-25,1358,EUR,97.449,PERC,,BTFE,BTFE,BLOOMBERG,1,D2C,MTF,DBFTFB,feac7083-903f-4bf4-8f1a-c09cea29b412
2022-06-09 13:45:35.720000,FR0012993103,Corporate bond,DIRECTION GENERALE DU TRESOR,1.5,2031-05-25,1100,EUR,97.686,PERC,,BTFE,BTFE,BLOOMBERG,1,D2C,MTF,DBFTFB,f959ddcd-90c8-4d6d-aa90-9e72df840065
2022-06-09 12:30:19.396000,FR0012993103,Corporate bond,DIRECTION GENERALE DU TRESOR,1.5,2031-05-25,150000,EUR,97.487,PERC,,BTFE,BTFE,BLOOMBERG,1,D2C,MTF,DBFTFB,2b358237-cd05-43d8-ac05-8b7bd442678e
2022-06-09 11:42:00.885000,FR0012993103,Corporate bond,DIRECTION GENERALE DU TRESOR,1.5,2031-05-25,25000,EUR,98.177,PERC,,BTFE,BTFE,BLOOMBERG,1,D2C,MTF,DBFTFB,f5591fe2-1547-4928-9f01-550e6acfeb93
2022-06-09 09:22:09.480000,FR0012993103,Corporate bond,DIRECTION GENERALE DU TRESOR,1.5,2031-05-25,15725,EUR,98.341,PERC,,BTFE,BTFE,BLOOMBERG,1,D2C,MTF,DBFTFB,a4614a99-c3df-4853-99cc-6f0d90009b00
2022-06-09 08:21:03.599000,FR0012993103,Corporate bond,DIRECTION GENERALE DU TRESOR,1.5,2031-05-25,256,EUR,98.387,PERC,,BTFE,BTFE,BLOOMBERG,1,D2C,MTF,DBFTFB,7209728b-5c50-4d85-a478-22599b882455
2022-06-09 07:15:23.110000,FR0012993103,Corporate bond,DIRECTION GENERALE DU TRESOR,1.5,2031-05-25,1298,EUR,98.297,PERC,,BTFE,BTFE,BLOOMBERG,1,D2C,MTF,DBFTFB,87525ea3-d08d-4443-87f1-d24f2c1b8196
2022-06-08 15:22:32.653000,FR0012993103,Corporate bond,DIRECTION GENERALE DU TRESOR,1.5,2031-05-25,6000,EUR,98.374,PERC,,BTFE,BTFE,BLOOMBERG,1,D2C,MTF,DBFTFB,340e5b2f-e585-4f74-bc35-d85281f6f60f
2022-06-08 14:50:53.699000,FR0012993103,Corporate bond,DIRECTION GENERALE DU TRESOR,1.5,2031-05-25,5000,EUR,98.337,PERC,,BTFE,BTFE,BLOOMBERG,1,D2C,MTF,DBFTFB,16c466ce-3639-4c39-a5db-ccd26b66548f
2022-06-08 14:33:03.629000,FR0012993103,Corporate bond,DIRECTION GENERALE DU TRESOR,1.5,2031-05-25,1500000,EUR,98.288,PERC,,BTFE,BTFE,BLOOMBERG,1,D2C,MTF,DBFTFB,af32faa5-0d63-41c0-9375-4c9c45d0d9c1
2022-06-08 13:35:43.275000,FR0012993103,Corporate bond,DIRECTION GENERALE DU TRESOR,1.5,2031-05-25,5000,EUR,98.301,PERC,,BTFE,BTFE,BLOOMBERG,1,D2C,MTF,DBFTFB,2b3c9f42-8292-49df-a365-d08beda50121
2022-06-08 12:51:05.572000,FR0012993103,Corporate bond,DIRECTION GENERALE DU TRESOR,1.5,2031-05-25,42200,EUR,98.267,PERC,,BTFE,BTFE,BLOOMBERG,1,D2C,MTF,DBFTFB,4283790c-f451-463c-a12d-c66b0cb260a8
2022-06-08 11:17:10.204000,FR0012993103,Corporate bond,DIRECTION GENERALE DU TRESOR,1.5,2031-05-25,35614,EUR,98.367,PERC,,BTFE,BTFE,BLOOMBERG,1,D2C,MTF,DBFTFB,ccdf64d9-7cad-424e-a7b9-b3aa2d6080f2
2022-06-08 10:58:59.448000,FR0012993103,Corporate bond,DIRECTION GENERALE DU TRESOR,1.5,2031-05-25,24000,EUR,98.462,PERC,,BTFE,BTFE,BLOOMBERG,1,D2C,MTF,DBFTFB,6769dfb9-14e4-497e-abca-e2ce2c74c867
2022-06-08 10:23:39.991000,FR0012993103,Corporate bond,DIRECTION GENERALE DU TRESOR,1.5,2031-05-25,77000,EUR,98.423,PERC,,BTFE,BTFE,BLOOMBERG,1,D2C,MTF,DBFTFB,dadd33f4-bd03-4b48-8110-929ff6aa32e1
2022-06-08 09:06:34.618000,FR0012993103,Corporate bond,DIRECTION GENERALE DU TRESOR,1.5,2031-05-25,133000,EUR,98.582,PERC,,BTFE,BTFE,BLOOMBERG,1,D2C,MTF,DBFTFB,62d43e72-43db-4300-be61-549060be4c1d
2022-06-08 07:17:30.691000,FR0012993103,Corporate bond,DIRECTION GENERALE DU TRESOR,1.5,2031-05-25,1465,EUR,98.709,PERC,,BTFE,BTFE,BLOOMBERG,1,D2C,MTF,DBFTFB,73e47fd7-3fe8-4015-83e9-97b15df0f740
2022-06-07 14:33:25.076000,FR0012993103,Corporate bond,DIRECTION GENERALE DU TRESOR,1.5,2031-05-25,500000,EUR,98.875,PERC,,BTFE,BTFE,BLOOMBERG,1,D2C,MTF,DBFTFB,b9d0c1dc-2074-43cb-af5e-0b6c65fe7ec4
2022-06-07 13:18:23.712000,FR0012993103,Corporate bond,DIRECTION GENERALE DU TRESOR,1.5,2031-05-25,1800,EUR,98.79,PERC,,BTFE,BTFE,BLOOMBERG,1,D2C,MTF,DBFTFB,d827d4ac-ed51-4454-98bc-e9a3d641321b
2022-06-07 13:18:08.447000,FR0012993103,Corporate bond,DIRECTION GENERALE DU TRESOR,1.5,2031-05-25,14400,EUR,98.772,PERC,,BTFE,BTFE,BLOOMBERG,1,D2C,MTF,DBFTFB,743d8b00-1b10-4ecd-9255-5bc08e3b4dab
2022-06-07 10:39:51.890000,FR0012993103,Corporate bond,DIRECTION GENERALE DU TRESOR,1.5,2031-05-25,300000,EUR,98.742,PERC,,BTFE,BTFE,BLOOMBERG,1,D2C,MTF,DBFTFB,3d018a5f-e812-426f-9692-b16818480324
2022-06-07 10:34:18.614000,FR0012993103,Corporate bond,DIRECTION GENERALE DU TRESOR,1.5,2031-05-25,1000,EUR,98.76,PERC,,BTFE,BTFE,BLOOMBERG,1,D2C,MTF,DBFTFB,26a09cdf-965c-4c1e-a75c-36f28f30cd4a
2022-06-07 09:31:08.790000,FR0012993103,Corporate bond,DIRECTION GENERALE DU TRESOR,1.5,2031-05-25,2817,EUR,98.854,PERC,,BTFE,BTFE,BLOOMBERG,1,D2C,MTF,DBFTFB,2feffc67-2e58-4d06-b124-bcfdfe9cceff
2022-06-07 08:11:51.679000,FR0012993103,Corporate bond,DIRECTION GENERALE DU TRESOR,1.5,2031-05-25,850000,EUR,98.683,PERC,,BTFE,BTFE,BLOOMBERG,1,D2C,MTF,DBFTFB,72026ae5-fa32-4574-8e86-0df774912090
2022-06-07 08:07:58.088000,FR0012993103,Corporate bond,DIRECTION GENERALE DU TRESOR,1.5,2031-05-25,5393,EUR,98.664,PERC,,BTFE,BTFE,BLOOMBERG,1,D2C,MTF,DBFTFB,65cf3fb0-7043-4ca0-9cee-b6e0664e5042
2022-06-07 08:06:36.395000,FR0012993103,Corporate bond,DIRECTION GENERALE DU TRESOR,1.5,2031-05-25,73000,EUR,98.659,PERC,,BTFE,BTFE,BLOOMBERG,1,D2C,MTF,DBFTFB,3586edfe-bcb1-4f32-8328-e20c07fbb1c7
2022-06-07 07:06:38.838000,FR0012993103,Corporate bond,DIRECTION GENERALE DU TRESOR,1.5,2031-05-25,580000,EUR,98.571,PERC,,BTFE,BTFE,BLOOMBERG,1,D2C,MTF,DBFTFB,14b18d6e-cd2d-43fe-b71a-b2a3217d0050
2022-06-07 06:46:51.647817,FR0012993103,Corporate bond,DIRECTION GENERALE DU TRESOR,1.5,2031-05-25,236978000,EUR,100.001659,PERC,IDAF LRGS,BTFE,BTFE,BLOOMBERG,17,D2C,MTF,DBFTFB,
2022-06-03 15:12:23.076000,FR0012993103,Corporate bond,DIRECTION GENERALE DU TRESOR,1.5,2031-05-25,3000,EUR,98.835,PERC,,BTFE,BTFE,BLOOMBERG,1,D2C,MTF,DBFTFB,2e6083f2-6fa8-4eb4-a8bb-f3abb4f03fa5
2022-06-03 14:20:26.255000,FR0012993103,Corporate bond,DIRECTION GENERALE DU TRESOR,1.5,2031-05-25,14492,EUR,99.007,PERC,,BTFE,BTFE,BLOOMBERG,1,D2C,MTF,DBFTFB,6e922afd-b8f5-4d01-9663-b488f8bbaf67
2022-06-03 13:53:36.137000,FR0012993103,Corporate bond,DIRECTION GENERALE DU TRESOR,1.5,2031-05-25,6000,EUR,98.899,PERC,,BTFE,BTFE,BLOOMBERG,1,D2C,MTF,DBFTFB,8d8cfae9-85e3-486f-82b0-48688318f472
2022-06-03 13:27:36.775000,FR0012993103,Corporate bond,DIRECTION GENERALE DU TRESOR,1.5,2031-05-25,4797,EUR,98.991,PERC,,BTFE,BTFE,BLOOMBERG,1,D2C,MTF,DBFTFB,b7cdb02d-7905-49f1-8bcd-45ca1b5c8f1c
2022-06-03 11:07:24.470000,FR0012993103,Corporate bond,DIRECTION GENERALE DU TRESOR,1.5,2031-05-25,37000,EUR,99.021,PERC,,BTFE,BTFE,BLOOMBERG,1,D2C,MTF,DBFTFB,e4037e9e-1072-4efd-97fd-8a8fe3525ddd
2022-06-03 10:55:29.529000,FR0012993103,Corporate bond,DIRECTION GENERALE DU TRESOR,1.5,2031-05-25,50000,EUR,98.955,PERC,,BTFE,BTFE,BLOOMBERG,1,D2C,MTF,DBFTFB,3c0043de-9fbb-4d27-9e77-1a9e0a129976
2022-06-03 09:51:32.567000,FR0012993103,Corporate bond,DIRECTION GENERALE DU TRESOR,1.5,2031-05-25,2003,EUR,98.958,PERC,,BTFE,BTFE,BLOOMBERG,1,D2C,MTF,DBFTFB,f0f977af-ab3b-4509-9eae-c6c975794f1e
2022-06-03 09:00:12.136000,FR0012993103,Corporate bond,DIRECTION GENERALE DU TRESOR,1.5,2031-05-25,3875,EUR,99.109,PERC,,BTFE,BTFE,BLOOMBERG,1,D2C,MTF,DBFTFB,e1d4ad22-9124-4b4f-ac27-b52c42c53582
2022-06-03 08:59:55.796000,FR0012993103,Corporate bond,DIRECTION GENERALE DU TRESOR,1.5,2031-05-25,583,EUR,99.118,PERC,,BTFE,BTFE,BLOOMBERG,1,D2C,MTF,DBFTFB,ffe2972f-f63e-4383-84bb-02d6c3c696db
2022-06-03 08:59:54.781000,FR0012993103,Corporate bond,DIRECTION GENERALE DU TRESOR,1.5,2031-05-25,721,EUR,99.113,PERC,,BTFE,BTFE,BLOOMBERG,1,D2C,MTF,DBFTFB,50f6f13a-19bc-4377-839f-0ba606448692
2022-06-03 08:08:53.766000,FR0012993103,Corporate bond,DIRECTION GENERALE DU TRESOR,1.5,2031-05-25,3181,EUR,99.106,PERC,,BTFE,BTFE,BLOOMBERG,1,D2C,MTF,DBFTFB,9fcc9c31-5a92-4be8-bfb8-0f1131b8223a
2022-06-03 07:23:00.968000,FR0012993103,Corporate bond,DIRECTION GENERALE DU TRESOR,1.5,2031-05-25,2000000,EUR,99.244,PERC,,BTFE,BTFE,BLOOMBERG,1,D2C,MTF,DBFTFB,b3c2f2aa-3046-4d7f-9867-99ee1933b6da
2022-06-03 07:01:44.722000,FR0012993103,Corporate bond,DIRECTION GENERALE DU TRESOR,1.5,2031-05-25,9030,EUR,99.131,PERC,,BTFE,BTFE,BLOOMBERG,1,D2C,MTF,DBFTFB,ea573d4c-35a3-4a5c-8b6d-a659eae65191
2022-06-02 15:19:33.413000,FR0012993103,Corporate bond,DIRECTION GENERALE DU TRESOR,1.5,2031-05-25,420,EUR,99.291,PERC,,BTFE,BTFE,BLOOMBERG,1,D2C,MTF,DBFTFB,b235acc6-344f-44e7-8efc-7cee60db2fc4
2022-06-02 13:39:38.930000,FR0012993103,Corporate bond,DIRECTION GENERALE DU TRESOR,1.5,2031-05-25,49259,EUR,99.5,PERC,,BTFE,BTFE,BLOOMBERG,1,D2C,MTF,DBFTFB,4dbc0d5d-8d89-4635-827b-2a7e6a1dfb2f
2022-06-02 13:32:09.130000,FR0012993103,Corporate bond,DIRECTION GENERALE DU TRESOR,1.5,2031-05-25,300000,EUR,99.565,PERC,,BTFE,BTFE,BLOOMBERG,1,D2C,MTF,DBFTFB,49011f20-ecfb-4c8c-a227-0430b988194f
2022-06-02 08:35:36.311000,FR0012993103,Corporate bond,DIRECTION GENERALE DU TRESOR,1.5,2031-05-25,1986,EUR,99.336,PERC,,BTFE,BTFE,BLOOMBERG,1,D2C,MTF,DBFTFB,7e562e10-63c2-416f-8531-fcbccedd5cb2
2022-06-02 08:29:30.231000,FR0012993103,Corporate bond,DIRECTION GENERALE DU TRESOR,1.5,2031-05-25,2600,EUR,99.462,PERC,,BTFE,BTFE,BLOOMBERG,1,D2C,MTF,DBFTFB,3205ebc4-7eeb-4cca-9587-fd71fa0e582a
2022-06-02 08:18:49.728000,FR0012993103,Corporate bond,DIRECTION GENERALE DU TRESOR,1.5,2031-05-25,20000,EUR,99.521,PERC,,BTFE,BTFE,BLOOMBERG,1,D2C,MTF,DBFTFB,ec7277cd-5e0c-43f3-897a-5642d3679a16
2022-06-02 07:44:04.492000,FR0012993103,Corporate bond,DIRECTION GENERALE DU TRESOR,1.5,2031-05-25,1350000,EUR,99.583,PERC,,BTFE,BTFE,BLOOMBERG,1,D2C,MTF,DBFTFB,3162e932-a5d0-440e-bd2c-1eb1f571138f
2022-06-02 07:04:03.949000,FR0012993103,Corporate bond,DIRECTION GENERALE DU TRESOR,1.5,2031-05-25,1554,EUR,99.686,PERC,,BTFE,BTFE,BLOOMBERG,1,D2C,MTF,DBFTFB,55a65786-b66a-400b-ba12-12326028a377
2022-06-02 07:03:15.556000,FR0012993103,Corporate bond,DIRECTION GENERALE DU TRESOR,1.5,2031-05-25,8072,EUR,99.678,PERC,,BTFE,BTFE,BLOOMBERG,1,D2C,MTF,DBFTFB,3eeb1c9d-ca7f-43f9-a156-f8b08581cc8b
2022-06-01 15:19:00.453000,FR0012993103,Corporate bond,DIRECTION GENERALE DU TRESOR,1.5,2031-05-25,1000000,EUR,99.775,PERC,,BTFE,BTFE,BLOOMBERG,1,D2C,MTF,DBFTFB,55289497-aba9-43aa-b1b5-a87d8f6bd26a
2022-06-01 15:09:41.483000,FR0012993103,Corporate bond,DIRECTION GENERALE DU TRESOR,1.5,2031-05-25,63000,EUR,99.853,PERC,,BTFE,BTFE,BLOOMBERG,1,D2C,MTF,DBFTFB,d54c6852-5661-4c48-b927-bc6498761e10
2022-06-01 14:03:59.495000,FR0012993103,Corporate bond,DIRECTION GENERALE DU TRESOR,1.5,2031-05-25,500000,EUR,100.094,PERC,,BTFE,BTFE,BLOOMBERG,1,D2C,MTF,DBFTFB,87ca2f74-5de5-4f48-9f2c-12350b7f9d68
2022-06-01 13:51:43.739000,FR0012993103,Corporate bond,DIRECTION GENERALE DU TRESOR,1.5,2031-05-25,10000,EUR,100.259,PERC,,BTFE,BTFE,BLOOMBERG,1,D2C,MTF,DBFTFB,d53f1d46-6139-4a13-8e8a-d806fbd64ed5
2022-06-01 13:38:16.137000,FR0012993103,Corporate bond,DIRECTION GENERALE DU TRESOR,1.5,2031-05-25,10100,EUR,100.155,PERC,,BTFE,BTFE,BLOOMBERG,1,D2C,MTF,DBFTFB,55a05289-c19c-4a9a-8c39-2ba271bd2d37
2022-06-01 13:29:03.834000,FR0012993103,Corporate bond,DIRECTION GENERALE DU TRESOR,1.5,2031-05-25,50000,EUR,100.18,PERC,,BTFE,BTFE,BLOOMBERG,1,D2C,MTF,DBFTFB,ac07a5ae-8714-428a-a889-09f74a63914d
2022-06-01 13:12:50.514000,FR0012993103,Corporate bond,DIRECTION GENERALE DU TRESOR,1.5,2031-05-25,11296,EUR,100.242,PERC,,BTFE,BTFE,BLOOMBERG,1,D2C,MTF,DBFTFB,0203035a-e119-4079-b6f5-b3b378846842
2022-06-01 13:10:27.628000,FR0012993103,Corporate bond,DIRECTION GENERALE DU TRESOR,1.5,2031-05-25,6000,EUR,100.273,PERC,,BTFE,BTFE,BLOOMBERG,1,D2C,MTF,DBFTFB,e9fba24f-e564-4602-91b6-ca754849265b
2022-06-01 11:26:07.535000,FR0012993103,Corporate bond,DIRECTION GENERALE DU TRESOR,1.5,2031-05-25,29000,EUR,100.114,PERC,,BTFE,BTFE,BLOOMBERG,1,D2C,MTF,DBFTFB,d65d8b7a-7aaf-44ff-8b62-3590156d5500
2022-06-01 10:29:45.577000,FR0012993103,Corporate bond,DIRECTION GENERALE DU TRESOR,1.5,2031-05-25,500000,EUR,100.265,PERC,,BTFE,BTFE,BLOOMBERG,1,D2C,MTF,DBFTFB,aab91566-3248-46b0-bd79-080ba31ba6d6
2022-06-01 10:25:13.990000,FR0012993103,Corporate bond,DIRECTION GENERALE DU TRESOR,1.5,2031-05-25,155000,EUR,100.263,PERC,,BTFE,BTFE,BLOOMBERG,1,D2C,MTF,DBFTFB,80e9e6a5-aa10-41b0-aa30-6fe8591c844c
2022-06-01 08:49:48.479000,FR0012993103,Corporate bond,DIRECTION GENERALE DU TRESOR,1.5,2031-05-25,780000,EUR,100.158,PERC,,BTFE,BTFE,BLOOMBERG,1,D2C,MTF,DBFTFB,5ca988d0-e001-4439-acb1-154693bb3503
2022-06-01 08:36:44.385000,FR0012993103,Corporate bond,DIRECTION GENERALE DU TRESOR,1.5,2031-05-25,3122,EUR,100.066,PERC,,BTFE,BTFE,BLOOMBERG,1,D2C,MTF,DBFTFB,0ced9ba8-b35d-4105-bc76-77cb61d9af8f
2022-06-01 07:58:19.585000,FR0012993103,Corporate bond,DIRECTION GENERALE DU TRESOR,1.5,2031-05-25,784,EUR,100.094,PERC,,BTFE,BTFE,BLOOMBERG,1,D2C,MTF,DBFTFB,f23f74bb-e0c9-460d-861f-5ab16b6d94c6
2022-06-01 07:49:24.531000,FR0012993103,Corporate bond,DIRECTION GENERALE DU TRESOR,1.5,2031-05-25,1032,EUR,100.076,PERC,,BTFE,BTFE,BLOOMBERG,1,D2C,MTF,DBFTFB,b85528fb-869c-4186-9c66-264903458f7e
2022-05-31 15:14:40.589000,FR0012993103,Corporate bond,DIRECTION GENERALE DU TRESOR,1.5,2031-05-25,460000,EUR,100.176,PERC,,BTFE,BTFE,BLOOMBERG,1,D2C,MTF,DBFTFB,bfc6f54f-33b1-44ac-bc0e-0ae7ec38a744
2022-05-31 15:03:21.056000,FR0012993103,Corporate bond,DIRECTION GENERALE DU TRESOR,1.5,2031-05-25,740000,EUR,100.064,PERC,,BTFE,BTFE,BLOOMBERG,1,D2C,MTF,DBFTFB,ab81b338-c798-4ab0-acac-03d5f7e4a1d5
2022-05-31 14:46:40.700000,FR0012993103,Corporate bond,DIRECTION GENERALE DU TRESOR,1.5,2031-05-25,680000,EUR,100.161,PERC,,BTFE,BTFE,BLOOMBERG,1,D2C,MTF,DBFTFB,26de0e94-a916-4a9c-8e81-d2430b9ed1b8
2022-05-31 14:35:37.472000,FR0012993103,Corporate bond,DIRECTION GENERALE DU TRESOR,1.5,2031-05-25,15000,EUR,100.084,PERC,,BTFE,BTFE,BLOOMBERG,1,D2C,MTF,DBFTFB,ec5c2415-fc0e-43de-ab29-ebf025274b08
2022-05-31 14:27:09.595000,FR0012993103,Corporate bond,DIRECTION GENERALE DU TRESOR,1.5,2031-05-25,2000,EUR,100.088,PERC,,BTFE,BTFE,BLOOMBERG,1,D2C,MTF,DBFTFB,1e7335f0-4790-4f78-b8b9-cbc809685bf3
2022-05-31 13:52:14.589000,FR0012993103,Corporate bond,DIRECTION GENERALE DU TRESOR,1.5,2031-05-25,3100,EUR,100.177,PERC,,BTFE,BTFE,BLOOMBERG,1,D2C,MTF,DBFTFB,511ff742-a592-486e-8095-db80ab625405
2022-05-31 13:38:15.520000,FR0012993103,Corporate bond,DIRECTION GENERALE DU TRESOR,1.5,2031-05-25,100000,EUR,100.239,PERC,,BTFE,BTFE,BLOOMBERG,1,D2C,MTF,DBFTFB,c4dcc63b-5a7f-4cb4-8f47-0faa9910994f
2022-05-31 10:04:24.265000,FR0012993103,Corporate bond,DIRECTION GENERALE DU TRESOR,1.5,2031-05-25,6000,EUR,100.617,PERC,,BTFE,BTFE,BLOOMBERG,1,D2C,MTF,DBFTFB,4f470081-cca7-4334-80d2-5d9e61e5d8bb
2022-05-31 09:34:00.804000,FR0012993103,Corporate bond,DIRECTION GENERALE DU TRESOR,1.5,2031-05-25,6488,EUR,100.67,PERC,,BTFE,BTFE,BLOOMBERG,1,D2C,MTF,DBFTFB,39eb8a62-e575-47cb-a029-898c59fea5cf
2022-05-31 09:28:32.668000,FR0012993103,Corporate bond,DIRECTION GENERALE DU TRESOR,1.5,2031-05-25,1804,EUR,100.608,PERC,,BTFE,BTFE,BLOOMBERG,1,D2C,MTF,DBFTFB,d454e93a-3745-40fb-9115-dd6ad72c7460
2022-05-31 09:24:13.271000,FR0012993103,Corporate bond,DIRECTION GENERALE DU TRESOR,1.5,2031-05-25,54989,EUR,100.611,PERC,,BTFE,BTFE,BLOOMBERG,1,D2C,MTF,DBFTFB,dec01006-c2bd-444f-9f0b-01241f489340
2022-05-31 07:22:04.753000,FR0012993103,Corporate bond,DIRECTION GENERALE DU TRESOR,1.5,2031-05-25,1379,EUR,100.953,PERC,,BTFE,BTFE,BLOOMBERG,1,D2C,MTF,DBFTFB,6d9220d0-f652-4119-8eb6-b722ffcbceee
2022-05-31 06:45:14.244017,FR0012993103,Corporate bond,DIRECTION GENERALE DU TRESOR,1.5,2031-05-25,367697000,EUR,101.502416,PERC,IDAF LRGS,BTFE,BTFE,BLOOMBERG,13,D2C,MTF,DBFTFB,
2022-05-31 06:44:43.767000,FR0012993103,Corporate bond,DIRECTION GENERALE DU TRESOR,1.5,2031-05-25,1400000,EUR,100.576,PERC,,BTFE,BTFE,BLOOMBERG,1,D2C,MTF,DBFTFB,2184735d-010e-49f9-888e-c6fab3d60b9c
2022-05-30 14:37:24.046000,FR0012993103,Corporate bond,DIRECTION GENERALE DU TRESOR,1.5,2031-05-25,34000,EUR,100.746,PERC,,BTFE,BTFE,BLOOMBERG,1,D2C,MTF,DBFTFB,03ead5a8-ff49-4e49-8020-5452e9c9f759
2022-05-30 10:51:38.372000,FR0012993103,Corporate bond,DIRECTION GENERALE DU TRESOR,1.5,2031-05-25,19569,EUR,100.785,PERC,,BTFE,BTFE,BLOOMBERG,1,D2C,MTF,DBFTFB,856b9aa3-8317-4e83-8920-867dc8f05b5d
2022-05-30 07:29:51.114000,FR0012993103,Corporate bond,DIRECTION GENERALE DU TRESOR,1.5,2031-05-25,500000,EUR,101.106,PERC,,BTFE,BTFE,BLOOMBERG,1,D2C,MTF,DBFTFB,3ba04134-fd57-4894-ba2f-49fcd61d4153
2022-05-30 07:02:56.715000,FR0012993103,Corporate bond,DIRECTION GENERALE DU TRESOR,1.5,2031-05-25,5147,EUR,101.123,PERC,,BTFE,BTFE,BLOOMBERG,1,D2C,MTF,DBFTFB,03206f0d-4024-4d0f-8288-9e51bb1411c1
2022-05-30 07:01:28.025000,FR0012993103,Corporate bond,DIRECTION GENERALE DU TRESOR,1.5,2031-05-25,2634,EUR,101.109,PERC,,BTFE,BTFE,BLOOMBERG,1,D2C,MTF,DBFTFB,edb48d31-b114-4ce2-a571-ed6da7897d3b
2022-05-27 14:58:53.793000,FR0012993103,Corporate bond,DIRECTION GENERALE DU TRESOR,1.5,2031-05-25,9000,EUR,101.66,PERC,,BTFE,BTFE,BLOOMBERG,1,D2C,MTF,DBFTFB,8501bcce-8230-4d0a-8530-cedea5c3caeb
2022-05-27 14:35:52.576000,FR0012993103,Corporate bond,DIRECTION GENERALE DU TRESOR,1.5,2031-05-25,8598,EUR,101.67,PERC,,BTFE,BTFE,BLOOMBERG,1,D2C,MTF,DBFTFB,7738bf36-5075-44e3-8ff4-8961e567d1c7
2022-05-27 13:13:14.703000,FR0012993103,Corporate bond,DIRECTION GENERALE DU TRESOR,1.5,2031-05-25,850000,EUR,101.85,PERC,,BTFE,BTFE,BLOOMBERG,1,D2C,MTF,DBFTFB,89a776a6-f897-42f8-8ab7-12ca8395cfa7
2022-05-27 12:10:11.501000,FR0012993103,Corporate bond,DIRECTION GENERALE DU TRESOR,1.5,2031-05-25,8092,EUR,101.711,PERC,,BTFE,BTFE,BLOOMBERG,1,D2C,MTF,DBFTFB,95df8beb-4020-43fe-9bbe-4e6a77a63118
2022-05-27 10:53:25.667000,FR0012993103,Corporate bond,DIRECTION GENERALE DU TRESOR,1.5,2031-05-25,3085,EUR,101.605,PERC,,BTFE,BTFE,BLOOMBERG,1,D2C,MTF,DBFTFB,1819fb60-d412-45bd-9bb1-52a5550fd275
2022-05-27 08:56:53.412000,FR0012993103,Corporate bond,DIRECTION GENERALE DU TRESOR,1.5,2031-05-25,500000,EUR,101.443,PERC,,BTFE,BTFE,BLOOMBERG,1,D2C,MTF,DBFTFB,ad2b1348-8440-4a99-be34-ad1b0df09945
2022-05-27 07:00:48.926000,FR0012993103,Corporate bond,DIRECTION GENERALE DU TRESOR,1.5,2031-05-25,824,EUR,101.507,PERC,,BTFE,BTFE,BLOOMBERG,1,D2C,MTF,DBFTFB,bac9b0b2-416a-416a-a32f-d9ea85f41d71
2022-05-26 10:50:30.930000,FR0012993103,Corporate bond,DIRECTION GENERALE DU TRESOR,1.5,2031-05-25,40000,EUR,101.904,PERC,,BTFE,BTFE,BLOOMBERG,1,D2C,MTF,DBFTFB,f01b1767-e751-4da5-81a7-153bc2baf3d1
2022-05-26 10:32:33.208000,FR0012993103,Corporate bond,DIRECTION GENERALE DU TRESOR,1.5,2031-05-25,700000,EUR,101.979,PERC,,BTFE,BTFE,BLOOMBERG,1,D2C,MTF,DBFTFB,6a12c597-8abc-41a4-841a-ad2a39a28924
2022-05-26 09:37:05.250000,FR0012993103,Corporate bond,DIRECTION GENERALE DU TRESOR,1.5,2031-05-25,27479,EUR,101.893,PERC,,BTFE,BTFE,BLOOMBERG,1,D2C,MTF,DBFTFB,62459978-1a1d-41fe-88ed-5dfc54e844f5
2022-05-25 14:34:59.200000,FR0012993103,Corporate bond,DIRECTION GENERALE DU TRESOR,1.5,2031-05-25,140000,EUR,101.538,PERC,,BTFE,BTFE,BLOOMBERG,1,D2C,MTF,DBFTFB,eeb6031f-ef98-4593-99ca-e6acfaeb5e4b
2022-05-25 12:39:23.650000,FR0012993103,Corporate bond,DIRECTION GENERALE DU TRESOR,1.5,2031-05-25,380000,EUR,101.855,PERC,,BTFE,BTFE,BLOOMBERG,1,D2C,MTF,DBFTFB,58116f4c-1613-4618-b83a-c3a584d4cbe7
2022-05-25 12:08:44.451000,FR0012993103,Corporate bond,DIRECTION GENERALE DU TRESOR,1.5,2031-05-25,139000,EUR,101.831,PERC,,BTFE,BTFE,BLOOMBERG,1,D2C,MTF,DBFTFB,6c25b7e1-bb77-457f-a47f-8eea68d9db0d
2022-05-25 10:28:50.313000,FR0012993103,Corporate bond,DIRECTION GENERALE DU TRESOR,1.5,2031-05-25,83000,EUR,101.626,PERC,,BTFE,BTFE,BLOOMBERG,1,D2C,MTF,DBFTFB,18d1750b-239c-4d42-a440-d545042b9a70
2022-05-25 08:26:40.094000,FR0012993103,Corporate bond,DIRECTION GENERALE DU TRESOR,1.5,2031-05-25,2632,EUR,101.698,PERC,,BTFE,BTFE,BLOOMBERG,1,D2C,MTF,DBFTFB,d301d3b4-483b-4bbd-a656-4e23639e0c9c
2022-05-25 07:50:04.427000,FR0012993103,Corporate bond,DIRECTION GENERALE DU TRESOR,1.5,2031-05-25,930,EUR,101.538,PERC,,BTFE,BTFE,BLOOMBERG,1,D2C,MTF,DBFTFB,e580026c-03c4-4ee1-8992-a5c51909d19f
2022-05-25 07:47:46.654000,FR0012993103,Corporate bond,DIRECTION GENERALE DU TRESOR,1.5,2031-05-25,3685,EUR,101.513,PERC,,BTFE,BTFE,BLOOMBERG,1,D2C,MTF,DBFTFB,7c627713-d92e-4827-bdcf-65b266e3550e
2022-05-24 15:16:49.801000,FR0012993103,Corporate bond,DIRECTION GENERALE DU TRESOR,1.5,2031-05-25,8000,EUR,101.552,PERC,,BTFE,BTFE,BLOOMBERG,1,D2C,MTF,DBFTFB,3a09358b-ae4a-4170-ae13-a3a8c790219f
2022-05-24 14:30:33.361000,FR0012993103,Corporate bond,DIRECTION GENERALE DU TRESOR,1.5,2031-05-25,800,EUR,101.546,PERC,,BTFE,BTFE,BLOOMBERG,1,D2C,MTF,DBFTFB,322aafc2-e42e-422e-a665-8ce18014d418
2022-05-24 07:18:43.159000,FR0012993103,Corporate bond,DIRECTION GENERALE DU TRESOR,1.5,2031-05-25,11000,EUR,101.137,PERC,,BTFE,BTFE,BLOOMBERG,1,D2C,MTF,DBFTFB,372180b6-a305-46df-8e17-3bbca589896b
2022-05-24 07:07:41.046000,FR0012993103,Corporate bond,DIRECTION GENERALE DU TRESOR,1.5,2031-05-25,6021,EUR,101.03,PERC,,BTFE,BTFE,BLOOMBERG,1,D2C,MTF,DBFTFB,7f8d85f3-0736-4b23-a218-05d8865e196a
2022-05-24 06:48:16.421167,FR0012993103,Corporate bond,DIRECTION GENERALE DU TRESOR,1.5,2031-05-25,630768000,EUR,101.452157,PERC,IDAF LRGS,BTFE,BTFE,BLOOMBERG,48,D2C,MTF,DBFTFB,
2022-05-23 11:42:42.494000,FR0012993103,Corporate bond,DIRECTION GENERALE DU TRESOR,1.5,2031-05-25,11310,EUR,101.377,PERC,,BTFE,BTFE,BLOOMBERG,1,D2C,MTF,DBFTFB,dac4dadb-a951-4089-b6a1-ec369bf61589
2022-05-23 09:45:48.911000,FR0012993103,Corporate bond,DIRECTION GENERALE DU TRESOR,1.5,2031-05-25,2556,EUR,101.257,PERC,,BTFE,BTFE,BLOOMBERG,1,D2C,MTF,DBFTFB,342207f8-782d-450b-bceb-64c36a31168b
2022-05-23 09:09:38.915000,FR0012993103,Corporate bond,DIRECTION GENERALE DU TRESOR,1.5,2031-05-25,200000,EUR,101.452,PERC,,BTFE,BTFE,BLOOMBERG,1,D2C,MTF,DBFTFB,1ea349c0-e794-4294-acb3-b8ef8aec558e
2022-05-23 08:54:40.373000,FR0012993103,Corporate bond,DIRECTION GENERALE DU TRESOR,1.5,2031-05-25,26309,EUR,101.389,PERC,,BTFE,BTFE,BLOOMBERG,1,D2C,MTF,DBFTFB,2a4b708a-95ec-4997-abb1-0025e2dded01
2022-05-23 08:05:04.884000,FR0012993103,Corporate bond,DIRECTION GENERALE DU TRESOR,1.5,2031-05-25,12569,EUR,101.73,PERC,,BTFE,BTFE,BLOOMBERG,1,D2C,MTF,DBFTFB,7cf7526a-3cad-4426-a86a-6f1a5438f6be
2022-05-23 07:00:29.100000,FR0012993103,Corporate bond,DIRECTION GENERALE DU TRESOR,1.5,2031-05-25,2654,EUR,101.461,PERC,,BTFE,BTFE,BLOOMBERG,1,D2C,MTF,DBFTFB,a35c503b-b497-4b0d-9fb5-10ec6e20e7d9
2022-05-20 15:13:36.855000,FR0012993103,Corporate bond,DIRECTION GENERALE DU TRESOR,1.5,2031-05-25,71103,EUR,101.701,PERC,,BTFE,BTFE,BLOOMBERG,1,D2C,MTF,DBFTFB,3672ac8a-a5e1-4b9c-a772-fe38c17b6525
2022-05-20 14:40:59.562000,FR0012993103,Corporate bond,DIRECTION GENERALE DU TRESOR,1.5,2031-05-25,1000000,EUR,101.57,PERC,,BTFE,BTFE,BLOOMBERG,1,D2C,MTF,DBFTFB,af3a49df-074f-4f2e-820c-718ca0e09059
2022-05-20 13:57:28.155000,FR0012993103,Corporate bond,DIRECTION GENERALE DU TRESOR,1.5,2031-05-25,5792,EUR,101.51,PERC,,BTFE,BTFE,BLOOMBERG,1,D2C,MTF,DBFTFB,0c69e0ec-5a53-4cb8-a8a4-5ceeccee5633
2022-05-20 13:11:23.676000,FR0012993103,Corporate bond,DIRECTION GENERALE DU TRESOR,1.5,2031-05-25,1000,EUR,101.72,PERC,,BTFE,BTFE,BLOOMBERG,1,D2C,MTF,DBFTFB,a0c289ce-bc3d-4683-95d4-7f0a6fcf420e
2022-05-20 09:57:33.647000,FR0012993103,Corporate bond,DIRECTION GENERALE DU TRESOR,1.5,2031-05-25,3609,EUR,101.426,PERC,,BTFE,BTFE,BLOOMBERG,1,D2C,MTF,DBFTFB,e84bf2e2-1c42-4be8-81b9-af8b1fb15d20
2022-05-20 08:10:41.868000,FR0012993103,Corporate bond,DIRECTION GENERALE DU TRESOR,1.5,2031-05-25,1835000,EUR,101.574,PERC,,BTFE,BTFE,BLOOMBERG,1,D2C,MTF,DBFTFB,484d1852-5a48-4ba6-8a42-0a101642851e
2022-05-20 07:09:35.734000,FR0012993103,Corporate bond,DIRECTION GENERALE DU TRESOR,1.5,2031-05-25,2677,EUR,101.462,PERC,,BTFE,BTFE,BLOOMBERG,1,D2C,MTF,DBFTFB,e33d104a-82ac-45a0-a155-ca2b38e91c53
2022-05-20 07:01:28.372000,FR0012993103,Corporate bond,DIRECTION GENERALE DU TRESOR,1.5,2031-05-25,20000,EUR,101.468,PERC,,BTFE,BTFE,BLOOMBERG,1,D2C,MTF,DBFTFB,df9ac685-3280-465e-82f9-d72852528282
2022-05-19 14:46:54.135000,FR0012993103,Corporate bond,DIRECTION GENERALE DU TRESOR,1.5,2031-05-25,1500000,EUR,101.8,PERC,,BTFE,BTFE,BLOOMBERG,1,D2C,MTF,DBFTFB,61e43aab-b720-49af-92f5-b3d0cff4e22d
2022-05-19 14:35:40.422000,FR0012993103,Corporate bond,DIRECTION GENERALE DU TRESOR,1.5,2031-05-25,16879,EUR,101.749,PERC,,BTFE,BTFE,BLOOMBERG,1,D2C,MTF,DBFTFB,45e0a580-6e90-46a5-893f-a5e4c8ebe199
2022-05-19 13:42:46.247000,FR0012993103,Corporate bond,DIRECTION GENERALE DU TRESOR,1.5,2031-05-25,16000,EUR,101.827,PERC,,BTFE,BTFE,BLOOMBERG,1,D2C,MTF,DBFTFB,b2c23fda-7232-4b2b-adb1-6dd928945f7f
2022-05-19 13:35:57.709000,FR0012993103,Corporate bond,DIRECTION GENERALE DU TRESOR,1.5,2031-05-25,10047,EUR,101.955,PERC,,BTFE,BTFE,BLOOMBERG,1,D2C,MTF,DBFTFB,c48f7ca6-2b76-46f8-adf1-b180c5f79a1b
2022-05-19 11:01:18.387000,FR0012993103,Corporate bond,DIRECTION GENERALE DU TRESOR,1.5,2031-05-25,33000,EUR,101.726,PERC,,BTFE,BTFE,BLOOMBERG,1,D2C,MTF,DBFTFB,d4d9066d-008d-447c-b922-f8cf7382d710
2022-05-19 09:28:46.466000,FR0012993103,Corporate bond,DIRECTION GENERALE DU TRESOR,1.5,2031-05-25,200000,EUR,101.791,PERC,,BTFE,BTFE,BLOOMBERG,1,D2C,MTF,DBFTFB,a59a03cf-4395-4aef-a009-b9782d725363
2022-05-18 13:53:05.581000,FR0012993103,Corporate bond,DIRECTION GENERALE DU TRESOR,1.5,2031-05-25,26000,EUR,100.886,PERC,,BTFE,BTFE,BLOOMBERG,1,D2C,MTF,DBFTFB,7016d8c5-3602-414f-a486-9ec9145c62d6
2022-05-18 13:10:40.763000,FR0012993103,Corporate bond,DIRECTION GENERALE DU TRESOR,1.5,2031-05-25,1200,EUR,100.751,PERC,,BTFE,BTFE,BLOOMBERG,1,D2C,MTF,DBFTFB,a8274100-4239-4814-a7f0-710bc558c7c3
2022-05-18 10:35:13.130000,FR0012993103,Corporate bond,DIRECTION GENERALE DU TRESOR,1.5,2031-05-25,125000,EUR,100.906,PERC,,BTFE,BTFE,BLOOMBERG,1,D2C,MTF,DBFTFB,a6043284-2c7d-40ae-a09d-2d5167d047b3
2022-05-18 08:21:41.024000,FR0012993103,Corporate bond,DIRECTION GENERALE DU TRESOR,1.5,2031-05-25,3692,EUR,101.07,PERC,,BTFE,BTFE,BLOOMBERG,1,D2C,MTF,DBFTFB,367124fb-f78d-475e-8d39-3979be42a6c9
2022-05-18 07:21:31.909000,FR0012993103,Corporate bond,DIRECTION GENERALE DU TRESOR,1.5,2031-05-25,1039,EUR,101.015,PERC,,BTFE,BTFE,BLOOMBERG,1,D2C,MTF,DBFTFB,a0c5ba04-7c6b-45d2-933c-ce9f1d64c112
2022-05-17 14:39:15.857000,FR0012993103,Corporate bond,DIRECTION GENERALE DU TRESOR,1.5,2031-05-25,500000,EUR,101.075,PERC,,BTFE,BTFE,BLOOMBERG,1,D2C,MTF,DBFTFB,63dedd9c-0900-4a81-a54c-0eabbef6290a
2022-05-17 14:36:09.744000,FR0012993103,Corporate bond,DIRECTION GENERALE DU TRESOR,1.5,2031-05-25,11000,EUR,101.063,PERC,,BTFE,BTFE,BLOOMBERG,1,D2C,MTF,DBFTFB,e6042561-94b4-4e9a-8e29-811374cb9139
2022-05-17 12:22:32.489000,FR0012993103,Corporate bond,DIRECTION GENERALE DU TRESOR,1.5,2031-05-25,25074,EUR,101.319,PERC,,BTFE,BTFE,BLOOMBERG,1,D2C,MTF,DBFTFB,04b8c144-79e0-49eb-9a06-9508ddd3ac33
2022-05-17 11:01:08.415000,FR0012993103,Corporate bond,DIRECTION GENERALE DU TRESOR,1.5,2031-05-25,500000,EUR,101.256,PERC,,BTFE,BTFE,BLOOMBERG,1,D2C,MTF,DBFTFB,8f062cef-2b96-4371-aeed-8599a6635c8c
2022-05-17 09:11:10.334000,FR0012993103,Corporate bond,DIRECTION GENERALE DU TRESOR,1.5,2031-05-25,23016,EUR,101.5064,PERC,,BTFE,BTFE,BLOOMBERG,1,D2C,MTF,DBFTFB,43c634a0-cf6f-4186-b798-77dd83090041
2022-05-17 08:14:41.153000,FR0012993103,Corporate bond,DIRECTION GENERALE DU TRESOR,1.5,2031-05-25,2611,EUR,101.388,PERC,,BTFE,BTFE,BLOOMBERG,1,D2C,MTF,DBFTFB,b803b70d-fce1-44d7-a5e2-f16f7faaa128
2022-05-17 07:50:27.805000,FR0012993103,Corporate bond,DIRECTION GENERALE DU TRESOR,1.5,2031-05-25,4281,EUR,101.3942,PERC,,BTFE,BTFE,BLOOMBERG,1,D2C,MTF,DBFTFB,4c394b6f-1677-4159-a9cf-b9cfbddcdefc
2022-05-17 07:00:29.382000,FR0012993103,Corporate bond,DIRECTION GENERALE DU TRESOR,1.5,2031-05-25,8138,EUR,101.4049,PERC,,BTFE,BTFE,BLOOMBERG,1,D2C,MTF,DBFTFB,5b1f4835-08b0-4fd2-8f38-3b51461708e6
2022-05-17 06:50:28.108570,FR0012993103,Corporate bond,DIRECTION GENERALE DU TRESOR,1.5,2031-05-25,328501979,EUR,101.308342,PERC,IDAF LRGS,BTFE,BTFE,BLOOMBERG,26,D2C,MTF,DBFTFB,
2022-05-16 14:20:34.252000,FR0012993103,Corporate bond,DIRECTION GENERALE DU TRESOR,1.5,2031-05-25,13000,EUR,101.854,PERC,,BTFE,BTFE,BLOOMBERG,1,D2C,MTF,DBFTFB,a013842d-3ad5-45aa-a209-e25964e844af
2022-05-16 10:28:32.609000,FR0012993103,Corporate bond,DIRECTION GENERALE DU TRESOR,1.5,2031-05-25,500000,EUR,101.332,PERC,,BTFE,BTFE,BLOOMBERG,1,D2C,MTF,DBFTFB,ce313984-29be-4136-bc9e-25cad4aefd84
2022-05-16 10:18:23.727000,FR0012993103,Corporate bond,DIRECTION GENERALE DU TRESOR,1.5,2031-05-25,25000,EUR,101.324,PERC,,BTFE,BTFE,BLOOMBERG,1,D2C,MTF,DBFTFB,6226a351-d750-4c4e-9b78-ad97428532e7
2022-05-16 10:08:20.390000,FR0012993103,Corporate bond,DIRECTION GENERALE DU TRESOR,1.5,2031-05-25,2778,EUR,101.36,PERC,,BTFE,BTFE,BLOOMBERG,1,D2C,MTF,DBFTFB,ccd33cda-ee5e-423a-96f2-ac27c0dcdece
2022-05-16 09:46:52.477000,FR0012993103,Corporate bond,DIRECTION GENERALE DU TRESOR,1.5,2031-05-25,12158,EUR,101.326,PERC,,BTFE,BTFE,BLOOMBERG,1,D2C,MTF,DBFTFB,5004e9fc-392b-4a57-9860-5a1cf5b1a8da
2022-05-16 09:07:19.132000,FR0012993103,Corporate bond,DIRECTION GENERALE DU TRESOR,1.5,2031-05-25,4615,EUR,101.3437,PERC,,BTFE,BTFE,BLOOMBERG,1,D2C,MTF,DBFTFB,de41ff84-2cfb-432c-891b-57f19b53800a
2022-05-13 15:02:52.693000,FR0012993103,Corporate bond,DIRECTION GENERALE DU TRESOR,1.5,2031-05-25,5000,EUR,101.82,PERC,,BTFE,BTFE,BLOOMBERG,1,D2C,MTF,DBFTFB,992b533f-70d5-4500-9273-40f379dd51ba
2022-05-13 14:29:27.648000,FR0012993103,Corporate bond,DIRECTION GENERALE DU TRESOR,1.5,2031-05-25,23000,EUR,101.756,PERC,,BTFE,BTFE,BLOOMBERG,1,D2C,MTF,DBFTFB,3fade37f-f7b7-4706-aca4-380a093fb396
2022-05-13 11:23:22.947000,FR0012993103,Corporate bond,DIRECTION GENERALE DU TRESOR,1.5,2031-05-25,1873747,EUR,102.18,PERC,,BTFE,BTFE,BLOOMBERG,1,D2C,MTF,DBFTFB,728c5eaa-7943-4fee-b1af-882c0b55960e
2022-05-13 09:10:29.187000,FR0012993103,Corporate bond,DIRECTION GENERALE DU TRESOR,1.5,2031-05-25,13700,EUR,102.299,PERC,,BTFE,BTFE,BLOOMBERG,1,D2C,MTF,DBFTFB,b06520f2-53a6-4cce-a607-587f0f710b85
2022-05-13 08:53:33.574000,FR0012993103,Corporate bond,DIRECTION GENERALE DU TRESOR,1.5,2031-05-25,6337,EUR,102.205,PERC,,BTFE,BTFE,BLOOMBERG,1,D2C,MTF,DBFTFB,5a984808-e667-4190-9211-f34f7667f8d7
2022-05-13 08:11:33.489000,FR0012993103,Corporate bond,DIRECTION GENERALE DU TRESOR,1.5,2031-05-25,5000,EUR,102.098,PERC,,BTFE,BTFE,BLOOMBERG,1,D2C,MTF,DBFTFB,a7edb080-b47f-4b0a-8c1c-9388c39901bf
2022-05-13 08:10:06.276000,FR0012993103,Corporate bond,DIRECTION GENERALE DU TRESOR,1.5,2031-05-25,85000,EUR,102.088,PERC,,BTFE,BTFE,BLOOMBERG,1,D2C,MTF,DBFTFB,ad5a2e9f-d167-422e-a9e1-59012299efd9
2022-05-13 07:23:06.257000,FR0012993103,Corporate bond,DIRECTION GENERALE DU TRESOR,1.5,2031-05-25,5419,EUR,102.341,PERC,,BTFE,BTFE,BLOOMBERG,1,D2C,MTF,DBFTFB,841edd91-31a2-4529-b6e0-11c2f6f15b27
2022-05-13 07:01:04.605000,FR0012993103,Corporate bond,DIRECTION GENERALE DU TRESOR,1.5,2031-05-25,5987,EUR,102.343,PERC,,BTFE,BTFE,BLOOMBERG,1,D2C,MTF,DBFTFB,d05f7206-9cdd-4ffa-81fe-ee8854e7d174
2022-05-12 15:23:44.884000,FR0012993103,Corporate bond,DIRECTION GENERALE DU TRESOR,1.5,2031-05-25,145000,EUR,102.473,PERC,,BTFE,BTFE,BLOOMBERG,1,D2C,MTF,DBFTFB,3069c1d2-750c-4220-80ae-d4949dfcd36e
2022-05-12 13:43:11.860000,FR0012993103,Corporate bond,DIRECTION GENERALE DU TRESOR,1.5,2031-05-25,22000,EUR,102.436,PERC,,BTFE,BTFE,BLOOMBERG,1,D2C,MTF,DBFTFB,e33010a4-0fda-457f-90ba-ff1e2b2fbaf1
2022-05-12 13:05:20.787000,FR0012993103,Corporate bond,DIRECTION GENERALE DU TRESOR,1.5,2031-05-25,250000,EUR,102.476,PERC,,BTFE,BTFE,BLOOMBERG,1,D2C,MTF,DBFTFB,4b4d642b-963b-4b05-b6e8-2910f181ebc5
2022-05-12 12:25:33.989000,FR0012993103,Corporate bond,DIRECTION GENERALE DU TRESOR,1.5,2031-05-25,1000000,EUR,102.422,PERC,,BTFE,BTFE,BLOOMBERG,1,D2C,MTF,DBFTFB,861b9ccb-a2b1-4f2b-983c-f01ef1feb920
2022-05-12 11:48:33.225000,FR0012993103,Corporate bond,DIRECTION GENERALE DU TRESOR,1.5,2031-05-25,200000,EUR,102.585,PERC,,BTFE,BTFE,BLOOMBERG,1,D2C,MTF,DBFTFB,453574f8-569c-45c6-b479-bbc9e0e98981
2022-05-12 11:40:05.987000,FR0012993103,Corporate bond,DIRECTION GENERALE DU TRESOR,1.5,2031-05-25,97000,EUR,102.486,PERC,,BTFE,BTFE,BLOOMBERG,1,D2C,MTF,DBFTFB,f42e4978-1ef6-42f0-86fd-58ea725c92b8
2022-05-12 10:45:12.516000,FR0012993103,Corporate bond,DIRECTION GENERALE DU TRESOR,1.5,2031-05-25,19000,EUR,102.322,PERC,,BTFE,BTFE,BLOOMBERG,1,D2C,MTF,DBFTFB,2d869248-bb54-48b2-860e-c7b0c9ba0cea
2022-05-12 10:41:18.190000,FR0012993103,Corporate bond,DIRECTION GENERALE DU TRESOR,1.5,2031-05-25,4800,EUR,102.314,PERC,,BTFE,BTFE,BLOOMBERG,1,D2C,MTF,DBFTFB,13551535-75c6-47ed-a269-bc11c0576183
2022-05-12 08:46:04.677000,FR0012993103,Corporate bond,DIRECTION GENERALE DU TRESOR,1.5,2031-05-25,2008,EUR,102.3163,PERC,,BTFE,BTFE,BLOOMBERG,1,D2C,MTF,DBFTFB,d7f362a1-bdd4-4c7d-b62b-67f8113d383e
2022-05-12 08:44:25.547000,FR0012993103,Corporate bond,DIRECTION GENERALE DU TRESOR,1.5,2031-05-25,365000,EUR,102.3666,PERC,,BTFE,BTFE,BLOOMBERG,1,D2C,MTF,DBFTFB,3f5c0d5f-3cab-4054-aac6-d0e07787d4f0
2022-05-12 08:24:51.546000,FR0012993103,Corporate bond,DIRECTION GENERALE DU TRESOR,1.5,2031-05-25,2640,EUR,102.348,PERC,,BTFE,BTFE,BLOOMBERG,1,D2C,MTF,DBFTFB,2e079f2b-2f11-4520-8da9-b90ee54c4cf7
2022-05-12 07:39:49.920000,FR0012993103,Corporate bond,DIRECTION GENERALE DU TRESOR,1.5,2031-05-25,1833,EUR,102.268,PERC,,BTFE,BTFE,BLOOMBERG,1,D2C,MTF,DBFTFB,f228c980-af19-48b3-a846-34004c8e661e
2022-05-11 13:58:47.989000,FR0012993103,Corporate bond,DIRECTION GENERALE DU TRESOR,1.5,2031-05-25,240000,EUR,100.927,PERC,,BTFE,BTFE,BLOOMBERG,1,D2C,MTF,DBFTFB,06bb9aa7-8503-4fa8-9c0d-603289020287
2022-05-11 12:37:20.504000,FR0012993103,Corporate bond,DIRECTION GENERALE DU TRESOR,1.5,2031-05-25,50000,EUR,100.662,PERC,,BTFE,BTFE,BLOOMBERG,1,D2C,MTF,DBFTFB,7952a037-dec6-4463-aa32-0e400420193f
2022-05-11 11:54:43.300000,FR0012993103,Corporate bond,DIRECTION GENERALE DU TRESOR,1.5,2031-05-25,318000,EUR,101.262,PERC,,BTFE,BTFE,BLOOMBERG,1,D2C,MTF,DBFTFB,54133a1c-027d-4035-b157-3071b8a8b43a
2022-05-11 10:31:30.951000,FR0012993103,Corporate bond,DIRECTION GENERALE DU TRESOR,1.5,2031-05-25,10000,EUR,101.412,PERC,,BTFE,BTFE,BLOOMBERG,1,D2C,MTF,DBFTFB,30fd5605-8e2a-4f99-85cf-2867be2d6952
2022-05-11 10:06:21.578000,FR0012993103,Corporate bond,DIRECTION GENERALE DU TRESOR,1.5,2031-05-25,247000,EUR,101.377,PERC,,BTFE,BTFE,BLOOMBERG,1,D2C,MTF,DBFTFB,ed6adf4a-6b21-4c29-b447-ed8ca833d613
2022-05-11 07:18:15.432000,FR0012993103,Corporate bond,DIRECTION GENERALE DU TRESOR,1.5,2031-05-25,2640,EUR,101.089,PERC,,BTFE,BTFE,BLOOMBERG,1,D2C,MTF,DBFTFB,3127d3ce-a55f-44de-be5d-912619bd71c1
2022-05-11 07:17:03.005000,FR0012993103,Corporate bond,DIRECTION GENERALE DU TRESOR,1.5,2031-05-25,2138,EUR,101.095,PERC,,BTFE,BTFE,BLOOMBERG,1,D2C,MTF,DBFTFB,24657289-ae5c-4983-9d4f-15af308ff9ca
2022-05-11 07:16:46.546000,FR0012993103,Corporate bond,DIRECTION GENERALE DU TRESOR,1.5,2031-05-25,8782,EUR,101.102,PERC,,BTFE,BTFE,BLOOMBERG,1,D2C,MTF,DBFTFB,a08ed7c6-ae05-480c-a096-a799193e46ec
2022-05-11 06:47:55.207000,FR0012993103,Corporate bond,DIRECTION GENERALE DU TRESOR,1.5,2031-05-25,1000000,EUR,100.967,PERC,,BTFE,BTFE,BLOOMBERG,1,D2C,MTF,DBFTFB,90a68a1f-609c-4066-98c6-91934fca1300
2022-05-10 14:34:28.168000,FR0012993103,Corporate bond,DIRECTION GENERALE DU TRESOR,1.5,2031-05-25,1500000,EUR,100.945,PERC,,BTFE,BTFE,BLOOMBERG,1,D2C,MTF,DBFTFB,2de174b6-ae1e-403c-b260-52c664c56c06
2022-05-10 14:02:22.895000,FR0012993103,Corporate bond,DIRECTION GENERALE DU TRESOR,1.5,2031-05-25,1100,EUR,100.955,PERC,,BTFE,BTFE,BLOOMBERG,1,D2C,MTF,DBFTFB,41cfc7dc-63d6-46ff-94de-b416241ada97
2022-05-10 14:02:17.715000,FR0012993103,Corporate bond,DIRECTION GENERALE DU TRESOR,1.5,2031-05-25,2700,EUR,100.944,PERC,,BTFE,BTFE,BLOOMBERG,1,D2C,MTF,DBFTFB,57fc4ed4-64f8-40c0-ad57-6eabd2f76f8b
2022-05-10 11:38:40.355000,FR0012993103,Corporate bond,DIRECTION GENERALE DU TRESOR,1.5,2031-05-25,7000,EUR,100.647,PERC,,BTFE,BTFE,BLOOMBERG,1,D2C,MTF,DBFTFB,beb60375-cc65-40f7-be20-1d62d7146321
2022-05-10 11:37:15.705000,FR0012993103,Corporate bond,DIRECTION GENERALE DU TRESOR,1.5,2031-05-25,341500,EUR,100.641,PERC,,BTFE,BTFE,BLOOMBERG,1,D2C,MTF,DBFTFB,cd27162b-dca8-4d61-bf53-bf3967e094bf
2022-05-10 08:58:16.926000,FR0012993103,Corporate bond,DIRECTION GENERALE DU TRESOR,1.5,2031-05-25,4126,EUR,100.543,PERC,,BTFE,BTFE,BLOOMBERG,1,D2C,MTF,DBFTFB,a630a325-825e-48d9-889b-6213ddd134de
2022-05-10 07:11:31.357000,FR0012993103,Corporate bond,DIRECTION GENERALE DU TRESOR,1.5,2031-05-25,1306,EUR,100.284,PERC,,BTFE,BTFE,BLOOMBERG,1,D2C,MTF,DBFTFB,1e71d437-3d6e-4428-aab4-254d29befc3f
2022-05-10 07:08:34.562000,FR0012993103,Corporate bond,DIRECTION GENERALE DU TRESOR,1.5,2031-05-25,3454,EUR,100.232,PERC,,BTFE,BTFE,BLOOMBERG,1,D2C,MTF,DBFTFB,e4c2f48f-7bb6-4568-93f7-31c5f387762f
2022-05-10 06:48:55.392372,FR0012993103,Corporate bond,DIRECTION GENERALE DU TRESOR,1.5,2031-05-25,1290647316,EUR,101.244351,PERC,IDAF LRGS,BTFE,BTFE,BLOOMBERG,83,D2C,MTF,DBFTFB,
2022-05-09 13:35:11.355000,FR0012993103,Corporate bond,DIRECTION GENERALE DU TRESOR,1.5,2031-05-25,50000,EUR,99.987,PERC,,BTFE,BTFE,BLOOMBERG,1,D2C,MTF,DBFTFB,bf1ebbb7-f517-47f5-9967-b70a10e40a3c
2022-05-09 11:26:23.594000,FR0012993103,Corporate bond,DIRECTION GENERALE DU TRESOR,1.5,2031-05-25,3000,EUR,99.626,PERC,,BTFE,BTFE,BLOOMBERG,1,D2C,MTF,DBFTFB,d8ad5c91-9b82-412f-b87f-edd5cdc1c298
2022-05-09 10:36:12.836000,FR0012993103,Corporate bond,DIRECTION GENERALE DU TRESOR,1.5,2031-05-25,3765,EUR,99.626,PERC,,BTFE,BTFE,BLOOMBERG,1,D2C,MTF,DBFTFB,2470b893-3469-4d6f-b8ce-4680df36d112
2022-05-09 10:23:17.845000,FR0012993103,Corporate bond,DIRECTION GENERALE DU TRESOR,1.5,2031-05-25,6014,EUR,99.618,PERC,,BTFE,BTFE,BLOOMBERG,1,D2C,MTF,DBFTFB,51956007-8143-4e7f-bdc6-09540d757c50
2022-05-09 09:44:24.309000,FR0012993103,Corporate bond,DIRECTION GENERALE DU TRESOR,1.5,2031-05-25,200000,EUR,99.875,PERC,,BTFE,BTFE,BLOOMBERG,1,D2C,MTF,DBFTFB,b38c3a84-fa3d-40f6-912e-3818e2e1ad5b
2022-05-09 09:09:46.142000,FR0012993103,Corporate bond,DIRECTION GENERALE DU TRESOR,1.5,2031-05-25,215000,EUR,99.979,PERC,,BTFE,BTFE,BLOOMBERG,1,D2C,MTF,DBFTFB,c52e2cbe-2146-436f-aef5-a79da9d8a0b2
2022-05-06 14:56:07.493000,FR0012993103,Corporate bond,DIRECTION GENERALE DU TRESOR,1.5,2031-05-25,2000,EUR,99.906,PERC,,BTFE,BTFE,BLOOMBERG,1,D2C,MTF,DBFTFB,43dc4179-71fe-40f6-bfe5-67812544fc59
2022-05-06 14:45:12.748000,FR0012993103,Corporate bond,DIRECTION GENERALE DU TRESOR,1.5,2031-05-25,14270,EUR,99.957,PERC,,BTFE,BTFE,BLOOMBERG,1,D2C,MTF,DBFTFB,a3d96239-d7f3-423d-801e-30ec2c573127
2022-05-06 14:06:36.528000,FR0012993103,Corporate bond,DIRECTION GENERALE DU TRESOR,1.5,2031-05-25,1700,EUR,100.217,PERC,,BTFE,BTFE,BLOOMBERG,1,D2C,MTF,DBFTFB,c6722dc5-992f-481c-9225-555c8292e3e1
2022-05-06 13:45:16.853000,FR0012993103,Corporate bond,DIRECTION GENERALE DU TRESOR,1.5,2031-05-25,3340,EUR,100.19,PERC,,BTFE,BTFE,BLOOMBERG,1,D2C,MTF,DBFTFB,fb3ae75f-fe06-4391-8393-736f3ffc7050
2022-05-06 13:41:47.329000,FR0012993103,Corporate bond,DIRECTION GENERALE DU TRESOR,1.5,2031-05-25,2053,EUR,100.137,PERC,,BTFE,BTFE,BLOOMBERG,1,D2C,MTF,DBFTFB,f6e2bc3e-409e-4467-b5ea-314cbe28af82
2022-05-06 13:27:17.085000,FR0012993103,Corporate bond,DIRECTION GENERALE DU TRESOR,1.5,2031-05-25,44000,EUR,100.135,PERC,,BTFE,BTFE,BLOOMBERG,1,D2C,MTF,DBFTFB,80cf30a0-2a64-47d5-8666-ef8b85d77eac
2022-05-06 13:11:08.855000,FR0012993103,Corporate bond,DIRECTION GENERALE DU TRESOR,1.5,2031-05-25,15000,EUR,100.079,PERC,,BTFE,BTFE,BLOOMBERG,1,D2C,MTF,DBFTFB,6e6dc311-2950-4d93-901a-7be4a7154579
2022-05-06 11:43:54.980000,FR0012993103,Corporate bond,DIRECTION GENERALE DU TRESOR,1.5,2031-05-25,8000,EUR,100.54,PERC,,BTFE,BTFE,BLOOMBERG,1,D2C,MTF,DBFTFB,8d4910f9-c447-401e-bad3-220b2dcf8a12
2022-05-06 09:31:24.693000,FR0012993103,Corporate bond,DIRECTION GENERALE DU TRESOR,1.5,2031-05-25,917,EUR,100.584,PERC,,BTFE,BTFE,BLOOMBERG,1,D2C,MTF,DBFTFB,9d0d71f6-6d8e-412f-a799-15342bbea0a1
2022-05-06 09:30:32.090000,FR0012993103,Corporate bond,DIRECTION GENERALE DU TRESOR,1.5,2031-05-25,2592,EUR,100.573,PERC,,BTFE,BTFE,BLOOMBERG,1,D2C,MTF,DBFTFB,ee4cf3c1-724c-42e2-8afd-99d162d5e988
2022-05-06 08:00:44.423000,FR0012993103,Corporate bond,DIRECTION GENERALE DU TRESOR,1.5,2031-05-25,500000,EUR,100.738,PERC,,BTFE,BTFE,BLOOMBERG,1,D2C,MTF,DBFTFB,380064dd-4f14-4d9b-ad2c-fae5b45ef652
2022-05-06 07:52:30.192000,FR0012993103,Corporate bond,DIRECTION GENERALE DU TRESOR,1.5,2031-05-25,4802,EUR,100.911,PERC,,BTFE,BTFE,BLOOMBERG,1,D2C,MTF,DBFTFB,af8c7e79-a541-442b-b3e3-8291212a5be1
2022-05-05 15:20:26.771000,FR0012993103,Corporate bond,DIRECTION GENERALE DU TRESOR,1.5,2031-05-25,200000,EUR,100.829,PERC,,BTFE,BTFE,BLOOMBERG,1,D2C,MTF,DBFTFB,7f2b6db8-135e-4ebd-ba56-08ab61b210ba
2022-05-05 15:02:34.633000,FR0012993103,Corporate bond,DIRECTION GENERALE DU TRESOR,1.5,2031-05-25,23000,EUR,101.028,PERC,,BTFE,BTFE,BLOOMBERG,1,D2C,MTF,DBFTFB,42368c98-8276-4465-be8c-92fea589b6a6
2022-05-05 14:24:25.286000,FR0012993103,Corporate bond,DIRECTION GENERALE DU TRESOR,1.5,2031-05-25,578000,EUR,101.154,PERC,,BTFE,BTFE,BLOOMBERG,1,D2C,MTF,DBFTFB,4386d95b-03e4-456e-9ea7-3bc3225101b3
2022-05-05 14:10:17.352000,FR0012993103,Corporate bond,DIRECTION GENERALE DU TRESOR,1.5,2031-05-25,600000,EUR,101.196,PERC,,BTFE,BTFE,BLOOMBERG,1,D2C,MTF,DBFTFB,316d7c33-1443-4dd5-829b-f9dd6e7a4726
2022-05-05 14:01:59.192000,FR0012993103,Corporate bond,DIRECTION GENERALE DU TRESOR,1.5,2031-05-25,500000,EUR,101.206,PERC,,BTFE,BTFE,BLOOMBERG,1,D2C,MTF,DBFTFB,050fbcc8-a4d2-4a64-8687-99c419ae3094
2022-05-05 12:45:17.768000,FR0012993103,Corporate bond,DIRECTION GENERALE DU TRESOR,1.5,2031-05-25,8700,EUR,101.951,PERC,,BTFE,BTFE,BLOOMBERG,1,D2C,MTF,DBFTFB,53b0236a-5f8e-48a4-ae29-9e7420907236
2022-05-05 07:01:28.943000,FR0012993103,Corporate bond,DIRECTION GENERALE DU TRESOR,1.5,2031-05-25,3366,EUR,101.282,PERC,,BTFE,BTFE,BLOOMBERG,1,D2C,MTF,DBFTFB,5691ea0d-4e76-4426-a00f-fabb0c1b6487
2022-05-05 07:00:56.954000,FR0012993103,Corporate bond,DIRECTION GENERALE DU TRESOR,1.5,2031-05-25,6208,EUR,101.315,PERC,,BTFE,BTFE,BLOOMBERG,1,D2C,MTF,DBFTFB,91246564-a519-4c82-80f4-0dac7ac84af2
2022-05-04 14:19:55.073000,FR0012993103,Corporate bond,DIRECTION GENERALE DU TRESOR,1.5,2031-05-25,4000,EUR,101.13,PERC,,BTFE,BTFE,BLOOMBERG,1,D2C,MTF,DBFTFB,989f0eb1-565f-4874-8931-87afd31c65d7
2022-05-04 13:39:40.654000,FR0012993103,Corporate bond,DIRECTION GENERALE DU TRESOR,1.5,2031-05-25,1496,EUR,101.021,PERC,,BTFE,BTFE,BLOOMBERG,1,D2C,MTF,DBFTFB,0c65831f-db77-4106-b0fd-8d36d01a2306
2022-05-04 13:38:42.568000,FR0012993103,Corporate bond,DIRECTION GENERALE DU TRESOR,1.5,2031-05-25,50000,EUR,101.041,PERC,,BTFE,BTFE,BLOOMBERG,1,D2C,MTF,DBFTFB,adc654fd-360e-49ea-91ea-7f2fd0c57650
2022-05-04 11:13:33.996000,FR0012993103,Corporate bond,DIRECTION GENERALE DU TRESOR,1.5,2031-05-25,129000,EUR,101.296,PERC,,BTFE,BTFE,BLOOMBERG,1,D2C,MTF,DBFTFB,b595828c-2fb1-44b6-8946-d1f9cbd78d2e
2022-05-04 10:43:56.831000,FR0012993103,Corporate bond,DIRECTION GENERALE DU TRESOR,1.5,2031-05-25,28000,EUR,101.348,PERC,,BTFE,BTFE,BLOOMBERG,1,D2C,MTF,DBFTFB,d73eb3b2-6d85-4fea-a977-1f20727308c1
2022-05-04 09:18:06.141000,FR0012993103,Corporate bond,DIRECTION GENERALE DU TRESOR,1.5,2031-05-25,4059,EUR,101.221,PERC,,BTFE,BTFE,BLOOMBERG,1,D2C,MTF,DBFTFB,74f15924-cd67-4b46-83df-31dd2fa7ea72
2022-05-04 08:10:25.390000,FR0012993103,Corporate bond,DIRECTION GENERALE DU TRESOR,1.5,2031-05-25,60000,EUR,101.201,PERC,,BTFE,BTFE,BLOOMBERG,1,D2C,MTF,DBFTFB,3f95d3fb-e8a3-4dc6-b8a8-f298c590ae1c
2022-05-03 15:25:15.988000,FR0012993103,Corporate bond,DIRECTION GENERALE DU TRESOR,1.5,2031-05-25,100000,EUR,101.587,PERC,,BTFE,BTFE,BLOOMBERG,1,D2C,MTF,DBFTFB,5ea29aa0-89b9-46f1-aef8-901f2124c1a9
2022-05-03 14:58:32.792000,FR0012993103,Corporate bond,DIRECTION GENERALE DU TRESOR,1.5,2031-05-25,337,EUR,101.705,PERC,,BTFE,BTFE,BLOOMBERG,1,D2C,MTF,DBFTFB,b7de7914-9762-415a-9fe1-64fe8202c23d
2022-05-03 13:57:38.655000,FR0012993103,Corporate bond,DIRECTION GENERALE DU TRESOR,1.5,2031-05-25,23144,EUR,101.841,PERC,,BTFE,BTFE,BLOOMBERG,1,D2C,MTF,DBFTFB,dc08efe5-22dd-4754-b073-e1956cbc7746
2022-05-03 13:54:56.212000,FR0012993103,Corporate bond,DIRECTION GENERALE DU TRESOR,1.5,2031-05-25,14934,EUR,101.835,PERC,,BTFE,BTFE,BLOOMBERG,1,D2C,MTF,DBFTFB,2ce1d399-69a5-4462-9fa1-52f6f98948a5
2022-05-03 13:28:02.592000,FR0012993103,Corporate bond,DIRECTION GENERALE DU TRESOR,1.5,2031-05-25,150000,EUR,101.792,PERC,,BTFE,BTFE,BLOOMBERG,1,D2C,MTF,DBFTFB,12d9fd86-c4b1-46c2-a7fb-b6b4d44a8d07
2022-05-03 12:20:45.815000,FR0012993103,Corporate bond,DIRECTION GENERALE DU TRESOR,1.5,2031-05-25,1000000,EUR,101.668,PERC,,BTFE,BTFE,BLOOMBERG,1,D2C,MTF,DBFTFB,c3db76e0-efe5-44e0-9795-566421978e84
2022-05-03 12:12:56.638000,FR0012993103,Corporate bond,DIRECTION GENERALE DU TRESOR,1.5,2031-05-25,210000,EUR,101.584,PERC,,BTFE,BTFE,BLOOMBERG,1,D2C,MTF,DBFTFB,6acb8ba2-3a47-41ae-90ce-b9a1b8b64d96
2022-05-03 10:02:13.586000,FR0012993103,Corporate bond,DIRECTION GENERALE DU TRESOR,1.5,2031-05-25,5685,EUR,101.308,PERC,,BTFE,BTFE,BLOOMBERG,1,D2C,MTF,DBFTFB,156a8e78-ea35-433f-ac7d-9f240ceb39d2
2022-05-03 09:59:05.858000,FR0012993103,Corporate bond,DIRECTION GENERALE DU TRESOR,1.5,2031-05-25,2735,EUR,101.2812,PERC,,BTFE,BTFE,BLOOMBERG,1,D2C,MTF,DBFTFB,cad767e6-a1c2-4b63-807b-444d5002b8b8
2022-05-03 09:46:33.740000,FR0012993103,Corporate bond,DIRECTION GENERALE DU TRESOR,1.5,2031-05-25,1200000,EUR,101.245,PERC,,BTFE,BTFE,BLOOMBERG,1,D2C,MTF,DBFTFB,5e2d9fde-bdaa-49ca-a2fb-c2c25970ec18
2022-05-03 07:05:56.127000,FR0012993103,Corporate bond,DIRECTION GENERALE DU TRESOR,1.5,2031-05-25,27178,EUR,101.2178,PERC,,BTFE,BTFE,BLOOMBERG,1,D2C,MTF,DBFTFB,2fbc0587-a5ca-483b-a757-4e54e2faa47c
2022-05-03 07:00:34.205000,FR0012993103,Corporate bond,DIRECTION GENERALE DU TRESOR,1.5,2031-05-25,14133,EUR,101.205,PERC,,BTFE,BTFE,BLOOMBERG,1,D2C,MTF,DBFTFB,7dda4fd4-0ef2-4fce-9f74-760183653e98
2022-05-03 06:54:35.167000,FR0012993103,Corporate bond,DIRECTION GENERALE DU TRESOR,1.5,2031-05-25,200000,EUR,101.286,PERC,,BTFE,BTFE,BLOOMBERG,1,D2C,MTF,DBFTFB,f49027cf-b12d-4f72-85ab-f2240cbd71af
2022-05-03 06:47:44.080587,FR0012993103,Corporate bond,DIRECTION GENERALE DU TRESOR,1.5,2031-05-25,687784802,EUR,102.618255,PERC,IDAF LRGS,BTFE,BTFE,BLOOMBERG,39,D2C,MTF,DBFTFB,
2022-05-02 11:16:58.017000,FR0012993103,Corporate bond,DIRECTION GENERALE DU TRESOR,1.5,2031-05-25,37000,EUR,101.842,PERC,,BTFE,BTFE,BLOOMBERG,1,D2C,MTF,DBFTFB,bd9fae69-429c-4028-b24d-f27129f3933c
2022-05-02 09:52:45.900000,FR0012993103,Corporate bond,DIRECTION GENERALE DU TRESOR,1.5,2031-05-25,10058,EUR,101.7963,PERC,,BTFE,BTFE,BLOOMBERG,1,D2C,MTF,DBFTFB,f5c2254b-a7a6-43cf-8ad7-982969286c2d
2022-05-02 09:49:32.757000,FR0012993103,Corporate bond,DIRECTION GENERALE DU TRESOR,1.5,2031-05-25,1790,EUR,101.798,PERC,,BTFE,BTFE,BLOOMBERG,1,D2C,MTF,DBFTFB,df69cf1f-aaa1-49a9-9319-8b7c972e82a6
2022-04-29 15:22:19.874000,FR0012993103,Corporate bond,DIRECTION GENERALE DU TRESOR,1.5,2031-05-25,24000,EUR,101.634,PERC,,BTFE,BTFE,BLOOMBERG,1,D2C,MTF,DBFTFB,88ab48d9-56ac-4ddf-a440-29e52e1fee81
