Historical Rts2 Post Trade Microsecond,Historical Rts2 Instrument Identification Code,Bond Type Bond Type Desc,Instruments New Issuer Name,Instruments New Bond Fixed Rate,Instruments New Bond Maturity Date,Historical Rts2 Notional Amount,Historical Rts2 Notional Currency,Historical Rts2 Price,Historical Rts2 Price Notation,Historical Rts2 Flag List,Historical Rts2 Venue of Execution,Historical Rts2 Venue of Publication,Mifid Entities Commercial Name,Historical Rts2 Transaction Count,Mifid Entities Platform Type,Mifid Entities Trading Venue Types,Instruments New Cfi,Historical Rts2 Transaction Identification Code
2022-07-21 15:15:53.019000,FR0014007L00,Corporate bond,DIRECTION GENERALE DU TRESOR,0,2032-05-25,532000,EUR,84.669,PERC,,TWEM,TWEM,TRADEWEB,1,D2C,MTF,DBFTFB,'3605511932733298732
2022-07-21 15:15:19.931000,FR0014007L00,Corporate bond,DIRECTION GENERALE DU TRESOR,0,2032-05-25,8000,EUR,84.64,PERC,,TWEM,TWEM,TRADEWEB,1,D2C,MTF,DBFTFB,'3605511932733298583
2022-07-21 15:14:41.963000,FR0014007L00,Corporate bond,DIRECTION GENERALE DU TRESOR,0,2032-05-25,940000,EUR,84.672,PERC,,TWEM,TWEM,TRADEWEB,1,D2C,MTF,DBFTFB,'3605511932733298436
2022-07-21 12:40:33.108000,FR0014007L00,Corporate bond,DIRECTION GENERALE DU TRESOR,0,2032-05-25,28500,EUR,83.601,PERC,,TWEM,TWEM,TRADEWEB,1,D2C,MTF,DBFTFB,'3605511932733296357
2022-07-21 10:52:19.426000,FR0014007L00,Corporate bond,DIRECTION GENERALE DU TRESOR,0,2032-05-25,56333,EUR,84.185,PERC,,TWEM,TWEM,TRADEWEB,1,D2C,MTF,DBFTFB,'3605511932733295406
2022-07-21 10:21:05.530000,FR0014007L00,Corporate bond,DIRECTION GENERALE DU TRESOR,0,2032-05-25,1000000,EUR,83.996,PERC,,TWEM,TWEM,TRADEWEB,1,D2C,MTF,DBFTFB,'3605511932733294914
2022-07-21 07:21:39.450000,FR0014007L00,Corporate bond,DIRECTION GENERALE DU TRESOR,0,2032-05-25,1200000,EUR,84.074,PERC,,TWEM,TWEM,TRADEWEB,1,D2C,MTF,DBFTFB,'3605511932733292796
2022-07-20 15:15:11.223000,FR0014007L00,Corporate bond,DIRECTION GENERALE DU TRESOR,0,2032-05-25,239000,EUR,84.291,PERC,,TWEM,TWEM,TRADEWEB,1,D2C,MTF,DBFTFB,'3605510833221670012
2022-07-20 15:14:04.304000,FR0014007L00,Corporate bond,DIRECTION GENERALE DU TRESOR,0,2032-05-25,820000,EUR,84.26,PERC,,TWEM,TWEM,TRADEWEB,1,D2C,MTF,DBFTFB,'3605510833221669929
2022-07-20 15:13:27.171000,FR0014007L00,Corporate bond,DIRECTION GENERALE DU TRESOR,0,2032-05-25,418000,EUR,84.26,PERC,,TWEM,TWEM,TRADEWEB,1,D2C,MTF,DBFTFB,'3605510833221669813
2022-07-20 12:31:47.993000,FR0014007L00,Corporate bond,DIRECTION GENERALE DU TRESOR,0,2032-05-25,100000,EUR,84.774,PERC,,TWEM,TWEM,TRADEWEB,1,D2C,MTF,DBFTFB,'3605510833221668237
2022-07-20 10:55:35.932000,FR0014007L00,Corporate bond,DIRECTION GENERALE DU TRESOR,0,2032-05-25,1070000,EUR,84.812,PERC,,TWEM,TWEM,TRADEWEB,1,D2C,MTF,DBFTFB,'3605510833221667397
2022-07-20 10:28:56.353000,FR0014007L00,Corporate bond,DIRECTION GENERALE DU TRESOR,0,2032-05-25,122000,EUR,84.696,PERC,,TWEM,TWEM,TRADEWEB,1,D2C,MTF,DBFTFB,'3605510833221667278
2022-07-19 15:15:11.177000,FR0014007L00,Corporate bond,DIRECTION GENERALE DU TRESOR,0,2032-05-25,10000,EUR,84.22,PERC,,TWEM,TWEM,TRADEWEB,1,D2C,MTF,DBFTFB,'3605509733710042381
2022-07-19 15:14:09.850000,FR0014007L00,Corporate bond,DIRECTION GENERALE DU TRESOR,0,2032-05-25,191000,EUR,84.201,PERC,,TWEM,TWEM,TRADEWEB,1,D2C,MTF,DBFTFB,'3605509733710042173
2022-07-19 13:24:56.720000,FR0014007L00,Corporate bond,DIRECTION GENERALE DU TRESOR,0,2032-05-25,6380,EUR,84.32,PERC,,TWEM,TWEM,TRADEWEB,1,D2C,MTF,DBFTFB,'3605509733710040483
2022-07-19 09:16:13.687000,FR0014007L00,Corporate bond,DIRECTION GENERALE DU TRESOR,0,2032-05-25,37568,EUR,84.521,PERC,,TWEM,TWEM,TRADEWEB,1,D2C,MTF,DBFTFB,'3605509733710038392
2022-07-19 08:22:51.702000,FR0014007L00,Corporate bond,DIRECTION GENERALE DU TRESOR,0,2032-05-25,1000000,EUR,84.193,PERC,,TWEM,TWEM,TRADEWEB,1,D2C,MTF,DBFTFB,'3605509733710037801
2022-07-19 05:03:40.000000,FR0014007L00,Corporate bond,DIRECTION GENERALE DU TRESOR,0,2032-05-25,33000000,EUR,84.26003,PERC,IDAF,TWEM,TWEM,TRADEWEB,7,D2C,MTF,DBFTFB,'7208389435606434322
2022-07-18 15:38:22.950000,FR0014007L00,Corporate bond,DIRECTION GENERALE DU TRESOR,0,2032-05-25,221000,EUR,84.449,PERC,,TWEM,TWEM,TRADEWEB,1,D2C,MTF,DBFTFB,'3605508634198414383
2022-07-18 15:14:12.588000,FR0014007L00,Corporate bond,DIRECTION GENERALE DU TRESOR,0,2032-05-25,1300000,EUR,84.462,PERC,,TWEM,TWEM,TRADEWEB,1,D2C,MTF,DBFTFB,'3605508634198414069
2022-07-18 14:33:41.402000,FR0014007L00,Corporate bond,DIRECTION GENERALE DU TRESOR,0,2032-05-25,,EUR,84.427,PERC,TPAC VOLO,TWEM,TWEM,TRADEWEB,1,D2C,MTF,DBFTFB,'7208390535118062402
2022-07-18 13:15:09.011000,FR0014007L00,Corporate bond,DIRECTION GENERALE DU TRESOR,0,2032-05-25,,EUR,84.451,PERC,TPAC VOLO,TWEM,TWEM,TRADEWEB,1,D2C,MTF,DBFTFB,'7208390535118062300
2022-07-18 07:26:04.139000,FR0014007L00,Corporate bond,DIRECTION GENERALE DU TRESOR,0,2032-05-25,100000,EUR,84.485,PERC,,TWEM,TWEM,TRADEWEB,1,D2C,MTF,DBFTFB,'3605508634198409408
2022-07-15 15:15:22.658000,FR0014007L00,Corporate bond,DIRECTION GENERALE DU TRESOR,0,2032-05-25,72000,EUR,85.107,PERC,,TWEM,TWEM,TRADEWEB,1,D2C,MTF,DBFTFB,'3605505335663530342
2022-07-15 15:15:10.609000,FR0014007L00,Corporate bond,DIRECTION GENERALE DU TRESOR,0,2032-05-25,157000,EUR,85.107,PERC,,TWEM,TWEM,TRADEWEB,1,D2C,MTF,DBFTFB,'3605505335663530246
2022-07-15 14:18:59.385000,FR0014007L00,Corporate bond,DIRECTION GENERALE DU TRESOR,0,2032-05-25,69000,EUR,85.083,PERC,,TWEM,TWEM,TRADEWEB,1,D2C,MTF,DBFTFB,'3605505335663529710
2022-07-15 12:46:35.045000,FR0014007L00,Corporate bond,DIRECTION GENERALE DU TRESOR,0,2032-05-25,600000,EUR,84.97,PERC,,TWEM,TWEM,TRADEWEB,1,D2C,MTF,DBFTFB,'3605505335663528866
2022-07-15 10:17:58.404000,FR0014007L00,Corporate bond,DIRECTION GENERALE DU TRESOR,0,2032-05-25,82000,EUR,84.975,PERC,,TWEM,TWEM,TRADEWEB,1,D2C,MTF,DBFTFB,'3605505335663527849
2022-07-15 08:21:20.638000,FR0014007L00,Corporate bond,DIRECTION GENERALE DU TRESOR,0,2032-05-25,38000,EUR,85.13,PERC,,TWEM,TWEM,TRADEWEB,1,D2C,MTF,DBFTFB,'3605505335663526692
2022-07-15 08:00:05.959000,FR0014007L00,Corporate bond,DIRECTION GENERALE DU TRESOR,0,2032-05-25,1927000,EUR,85.102,PERC,,TWEM,TWEM,TRADEWEB,1,D2C,MTF,DBFTFB,'3605505335663526510
2022-07-15 07:56:00.882000,FR0014007L00,Corporate bond,DIRECTION GENERALE DU TRESOR,0,2032-05-25,500000,EUR,85.176,PERC,,TWEM,TWEM,TRADEWEB,1,D2C,MTF,DBFTFB,'3605505335663526423
2022-07-15 07:10:40.350000,FR0014007L00,Corporate bond,DIRECTION GENERALE DU TRESOR,0,2032-05-25,250000,EUR,85.307,PERC,,TWEM,TWEM,TRADEWEB,1,D2C,MTF,DBFTFB,'3605505335663526030
2022-07-15 06:58:27.791000,FR0014007L00,Corporate bond,DIRECTION GENERALE DU TRESOR,0,2032-05-25,2000000,EUR,85.1,PERC,,TWEM,TWEM,TRADEWEB,1,D2C,MTF,DBFTFB,'3605505335663525897
2022-07-14 15:14:33.938000,FR0014007L00,Corporate bond,DIRECTION GENERALE DU TRESOR,0,2032-05-25,520000,EUR,84.548,PERC,,TWEM,TWEM,TRADEWEB,1,D2C,MTF,DBFTFB,'3605504236151903658
2022-07-14 15:13:22.064000,FR0014007L00,Corporate bond,DIRECTION GENERALE DU TRESOR,0,2032-05-25,342000,EUR,84.53,PERC,,TWEM,TWEM,TRADEWEB,1,D2C,MTF,DBFTFB,'3605504236151903528
2022-07-14 11:16:04.985000,FR0014007L00,Corporate bond,DIRECTION GENERALE DU TRESOR,0,2032-05-25,1000,EUR,84.315,PERC,,TWEM,TWEM,TRADEWEB,1,D2C,MTF,DBFTFB,'3605504236151900923
2022-07-14 11:14:39.900000,FR0014007L00,Corporate bond,DIRECTION GENERALE DU TRESOR,0,2032-05-25,1000,EUR,84.305,PERC,,TWEM,TWEM,TRADEWEB,1,D2C,MTF,DBFTFB,'3605504236151900913
2022-07-14 10:48:41.044000,FR0014007L00,Corporate bond,DIRECTION GENERALE DU TRESOR,0,2032-05-25,1000,EUR,84.241,PERC,,TWEM,TWEM,TRADEWEB,1,D2C,MTF,DBFTFB,'3605504236151900505
2022-07-14 10:48:03.019000,FR0014007L00,Corporate bond,DIRECTION GENERALE DU TRESOR,0,2032-05-25,1000,EUR,84.245,PERC,,TWEM,TWEM,TRADEWEB,1,D2C,MTF,DBFTFB,'3605504236151900501
2022-07-14 09:39:36.100000,FR0014007L00,Corporate bond,DIRECTION GENERALE DU TRESOR,0,2032-05-25,327000,EUR,84.219,PERC,,TWEM,TWEM,TRADEWEB,1,D2C,MTF,DBFTFB,'3605504236151899932
2022-07-14 09:38:45.348000,FR0014007L00,Corporate bond,DIRECTION GENERALE DU TRESOR,0,2032-05-25,235000,EUR,84.197,PERC,,TWEM,TWEM,TRADEWEB,1,D2C,MTF,DBFTFB,'3605504236151899924
2022-07-14 08:36:59.175000,FR0014007L00,Corporate bond,DIRECTION GENERALE DU TRESOR,0,2032-05-25,2517000,EUR,84.165,PERC,,TWEM,TWEM,TRADEWEB,1,D2C,MTF,DBFTFB,'3605504236151899180
2022-07-14 08:00:05.678000,FR0014007L00,Corporate bond,DIRECTION GENERALE DU TRESOR,0,2032-05-25,2413000,EUR,84.211,PERC,,TWEM,TWEM,TRADEWEB,1,D2C,MTF,DBFTFB,'3605504236151898751
2022-07-14 07:55:25.161000,FR0014007L00,Corporate bond,DIRECTION GENERALE DU TRESOR,0,2032-05-25,6900,EUR,84.212,PERC,,TWEM,TWEM,TRADEWEB,1,D2C,MTF,DBFTFB,'3605504236151898702
2022-07-13 15:15:11.527000,FR0014007L00,Corporate bond,DIRECTION GENERALE DU TRESOR,0,2032-05-25,3000,EUR,84.959,PERC,,TWEM,TWEM,TRADEWEB,1,D2C,MTF,DBFTFB,'3605503136640275537
2022-07-13 15:13:06.144000,FR0014007L00,Corporate bond,DIRECTION GENERALE DU TRESOR,0,2032-05-25,248000,EUR,84.885,PERC,,TWEM,TWEM,TRADEWEB,1,D2C,MTF,DBFTFB,'3605503136640275350
2022-07-13 14:49:53.044000,FR0014007L00,Corporate bond,DIRECTION GENERALE DU TRESOR,0,2032-05-25,322000,EUR,85.137,PERC,,TWEM,TWEM,TRADEWEB,1,D2C,MTF,DBFTFB,'3605503136640275060
2022-07-13 14:33:37.722000,FR0014007L00,Corporate bond,DIRECTION GENERALE DU TRESOR,0,2032-05-25,50000,EUR,84.812,PERC,,TWEM,TWEM,TRADEWEB,1,D2C,MTF,DBFTFB,'3605503136640274918
2022-07-13 08:45:44.451000,FR0014007L00,Corporate bond,DIRECTION GENERALE DU TRESOR,0,2032-05-25,1160000,EUR,84.94,PERC,,TWEM,TWEM,TRADEWEB,1,D2C,MTF,DBFTFB,'3605503136640271194
2022-07-13 07:18:44.924000,FR0014007L00,Corporate bond,DIRECTION GENERALE DU TRESOR,0,2032-05-25,800000,EUR,84.942,PERC,,TWEM,TWEM,TRADEWEB,1,D2C,MTF,DBFTFB,'3605503136640270514
2022-07-12 15:18:49.369000,FR0014007L00,Corporate bond,DIRECTION GENERALE DU TRESOR,0,2032-05-25,600000,EUR,85.228,PERC,,TWEM,TWEM,TRADEWEB,1,D2C,MTF,DBFTFB,'3605502037128647812
2022-07-12 15:16:58.820000,FR0014007L00,Corporate bond,DIRECTION GENERALE DU TRESOR,0,2032-05-25,174000,EUR,85.278,PERC,,TWEM,TWEM,TRADEWEB,1,D2C,MTF,DBFTFB,'3605502037128647783
2022-07-12 15:13:11.855000,FR0014007L00,Corporate bond,DIRECTION GENERALE DU TRESOR,0,2032-05-25,161000,EUR,85.277,PERC,,TWEM,TWEM,TRADEWEB,1,D2C,MTF,DBFTFB,'3605502037128647501
2022-07-12 14:40:14.973000,FR0014007L00,Corporate bond,DIRECTION GENERALE DU TRESOR,0,2032-05-25,80000,EUR,85.212,PERC,,TWEM,TWEM,TRADEWEB,1,D2C,MTF,DBFTFB,'3605502037128647151
2022-07-12 13:41:48.892000,FR0014007L00,Corporate bond,DIRECTION GENERALE DU TRESOR,0,2032-05-25,1160000,EUR,85.357,PERC,,TWEM,TWEM,TRADEWEB,1,D2C,MTF,DBFTFB,'3605502037128646548
2022-07-12 11:17:54.462000,FR0014007L00,Corporate bond,DIRECTION GENERALE DU TRESOR,0,2032-05-25,1080000,EUR,85.105,PERC,,TWEM,TWEM,TRADEWEB,1,D2C,MTF,DBFTFB,'3605502037128645470
2022-07-12 10:33:42.018000,FR0014007L00,Corporate bond,DIRECTION GENERALE DU TRESOR,0,2032-05-25,900000,EUR,85.133,PERC,,TWEM,TWEM,TRADEWEB,1,D2C,MTF,DBFTFB,'3605502037128644925
2022-07-12 10:32:43.842000,FR0014007L00,Corporate bond,DIRECTION GENERALE DU TRESOR,0,2032-05-25,900000,EUR,85.118,PERC,,TWEM,TWEM,TRADEWEB,1,D2C,MTF,DBFTFB,'3605502037128644867
2022-07-12 10:31:33.802000,FR0014007L00,Corporate bond,DIRECTION GENERALE DU TRESOR,0,2032-05-25,900000,EUR,85.124,PERC,,TWEM,TWEM,TRADEWEB,1,D2C,MTF,DBFTFB,'3605502037128644796
2022-07-12 10:14:38.692000,FR0014007L00,Corporate bond,DIRECTION GENERALE DU TRESOR,0,2032-05-25,1000000,EUR,85.112,PERC,,TWEM,TWEM,TRADEWEB,1,D2C,MTF,DBFTFB,'3605502037128644695
2022-07-12 09:08:39.509000,FR0014007L00,Corporate bond,DIRECTION GENERALE DU TRESOR,0,2032-05-25,500000,EUR,85.224,PERC,,TWEM,TWEM,TRADEWEB,1,D2C,MTF,DBFTFB,'3605502037128643866
2022-07-12 08:00:05.572000,FR0014007L00,Corporate bond,DIRECTION GENERALE DU TRESOR,0,2032-05-25,2923000,EUR,84.535,PERC,,TWEM,TWEM,TRADEWEB,1,D2C,MTF,DBFTFB,'3605502037128643030
2022-07-12 07:18:45.605000,FR0014007L00,Corporate bond,DIRECTION GENERALE DU TRESOR,0,2032-05-25,610000,EUR,84.459,PERC,,TWEM,TWEM,TRADEWEB,1,D2C,MTF,DBFTFB,'3605502037128642688
2022-07-12 05:03:20.000000,FR0014007L00,Corporate bond,DIRECTION GENERALE DU TRESOR,0,2032-05-25,210580000,EUR,83.564941,PERC,IDAF,TWEM,TWEM,TRADEWEB,18,D2C,MTF,DBFTFB,'7208381739025040017
2022-07-11 16:21:30.552000,FR0014007L00,Corporate bond,DIRECTION GENERALE DU TRESOR,0,2032-05-25,12000,EUR,84.048,PERC,,TWEM,TWEM,TRADEWEB,1,D2C,MTF,DBFTFB,'3605500937617020330
2022-07-11 15:04:49.144000,FR0014007L00,Corporate bond,DIRECTION GENERALE DU TRESOR,0,2032-05-25,15031,EUR,84.232,PERC,,TWEM,TWEM,TRADEWEB,1,D2C,MTF,DBFTFB,'3605500937617019453
2022-07-11 11:53:32.498000,FR0014007L00,Corporate bond,DIRECTION GENERALE DU TRESOR,0,2032-05-25,1420,EUR,83.73,PERC,,TWEM,TWEM,TRADEWEB,1,D2C,MTF,DBFTFB,'3605500937617017596
2022-07-11 11:12:59.264000,FR0014007L00,Corporate bond,DIRECTION GENERALE DU TRESOR,0,2032-05-25,10000,EUR,83.705,PERC,,TWEM,TWEM,TRADEWEB,1,D2C,MTF,DBFTFB,'3605500937617017250
2022-07-11 08:41:21.327000,FR0014007L00,Corporate bond,DIRECTION GENERALE DU TRESOR,0,2032-05-25,63000,EUR,83.753,PERC,,TWEM,TWEM,TRADEWEB,1,D2C,MTF,DBFTFB,'3605500937617015636
2022-07-11 08:37:00.134000,FR0014007L00,Corporate bond,DIRECTION GENERALE DU TRESOR,0,2032-05-25,39000,EUR,83.782,PERC,,TWEM,TWEM,TRADEWEB,1,D2C,MTF,DBFTFB,'3605500937617015595
2022-07-11 08:00:05.806000,FR0014007L00,Corporate bond,DIRECTION GENERALE DU TRESOR,0,2032-05-25,1436000,EUR,83.826,PERC,,TWEM,TWEM,TRADEWEB,1,D2C,MTF,DBFTFB,'3605500937617015306
2022-07-08 15:15:04.810000,FR0014007L00,Corporate bond,DIRECTION GENERALE DU TRESOR,0,2032-05-25,138000,EUR,83.346,PERC,,TWEM,TWEM,TRADEWEB,1,D2C,MTF,DBFTFB,'3605497639082136628
2022-07-08 15:13:21.945000,FR0014007L00,Corporate bond,DIRECTION GENERALE DU TRESOR,0,2032-05-25,500000,EUR,83.339,PERC,,TWEM,TWEM,TRADEWEB,1,D2C,MTF,DBFTFB,'3605497639082136460
2022-07-08 14:20:53.905000,FR0014007L00,Corporate bond,DIRECTION GENERALE DU TRESOR,0,2032-05-25,107000,EUR,83.619,PERC,,TWEM,TWEM,TRADEWEB,1,D2C,MTF,DBFTFB,'3605497639082135904
2022-07-08 12:14:04.489000,FR0014007L00,Corporate bond,DIRECTION GENERALE DU TRESOR,0,2032-05-25,83414,EUR,83.786,PERC,,TWEM,TWEM,TRADEWEB,1,D2C,MTF,DBFTFB,'3605497639082134353
2022-07-08 11:07:38.492000,FR0014007L00,Corporate bond,DIRECTION GENERALE DU TRESOR,0,2032-05-25,96000,EUR,83.802,PERC,,TWEM,TWEM,TRADEWEB,1,D2C,MTF,DBFTFB,'3605497639082133695
2022-07-07 15:55:11.569000,FR0014007L00,Corporate bond,DIRECTION GENERALE DU TRESOR,0,2032-05-25,275000,EUR,83.343,PERC,,TWEM,TWEM,TRADEWEB,1,D2C,MTF,DBFTFB,'3605496539570510547
2022-07-07 15:15:18.517000,FR0014007L00,Corporate bond,DIRECTION GENERALE DU TRESOR,0,2032-05-25,6000,EUR,83.615,PERC,,TWEM,TWEM,TRADEWEB,1,D2C,MTF,DBFTFB,'3605496539570510017
2022-07-07 15:14:07.326000,FR0014007L00,Corporate bond,DIRECTION GENERALE DU TRESOR,0,2032-05-25,750000,EUR,83.577,PERC,,TWEM,TWEM,TRADEWEB,1,D2C,MTF,DBFTFB,'3605496539570509810
2022-07-07 15:14:04.217000,FR0014007L00,Corporate bond,DIRECTION GENERALE DU TRESOR,0,2032-05-25,88000,EUR,83.591,PERC,,TWEM,TWEM,TRADEWEB,1,D2C,MTF,DBFTFB,'3605496539570509779
2022-07-07 15:13:22.377000,FR0014007L00,Corporate bond,DIRECTION GENERALE DU TRESOR,0,2032-05-25,2172000,EUR,83.594,PERC,,TWEM,TWEM,TRADEWEB,1,D2C,MTF,DBFTFB,'3605496539570509676
2022-07-07 13:37:34.333000,FR0014007L00,Corporate bond,DIRECTION GENERALE DU TRESOR,0,2032-05-25,750000,EUR,83.706,PERC,,TWEM,TWEM,TRADEWEB,1,D2C,MTF,DBFTFB,'3605496539570508342
2022-07-07 12:24:08.320000,FR0014007L00,Corporate bond,DIRECTION GENERALE DU TRESOR,0,2032-05-25,855000,EUR,83.488,PERC,,TWEM,TWEM,TRADEWEB,1,D2C,MTF,DBFTFB,'3605496539570507512
2022-07-07 10:22:02.713000,FR0014007L00,Corporate bond,DIRECTION GENERALE DU TRESOR,0,2032-05-25,1400000,EUR,83.462,PERC,,TWEM,TWEM,TRADEWEB,1,D2C,MTF,DBFTFB,'3605496539570506151
2022-07-07 09:43:50.745000,FR0014007L00,Corporate bond,DIRECTION GENERALE DU TRESOR,0,2032-05-25,,EUR,83.273,PERC,TPAC VOLO,TWEM,TWEM,TRADEWEB,1,D2C,MTF,DBFTFB,'7208380639513412695
2022-07-07 08:30:13.695000,FR0014007L00,Corporate bond,DIRECTION GENERALE DU TRESOR,0,2032-05-25,270000,EUR,83.506,PERC,,TWEM,TWEM,TRADEWEB,1,D2C,MTF,DBFTFB,'3605496539570504738
2022-07-07 08:00:06.295000,FR0014007L00,Corporate bond,DIRECTION GENERALE DU TRESOR,0,2032-05-25,1409000,EUR,83.731,PERC,,TWEM,TWEM,TRADEWEB,1,D2C,MTF,DBFTFB,'3605496539570504385
2022-07-06 15:15:55.787000,FR0014007L00,Corporate bond,DIRECTION GENERALE DU TRESOR,0,2032-05-25,6146,EUR,84.271,PERC,,TWEM,TWEM,TRADEWEB,1,D2C,MTF,DBFTFB,'3605495440058882487
2022-07-06 15:15:21.810000,FR0014007L00,Corporate bond,DIRECTION GENERALE DU TRESOR,0,2032-05-25,15000,EUR,84.317,PERC,,TWEM,TWEM,TRADEWEB,1,D2C,MTF,DBFTFB,'3605495440058882244
2022-07-06 15:15:17.772000,FR0014007L00,Corporate bond,DIRECTION GENERALE DU TRESOR,0,2032-05-25,152000,EUR,84.276,PERC,,TWEM,TWEM,TRADEWEB,1,D2C,MTF,DBFTFB,'3605495440058882204
2022-07-06 14:38:41.457000,FR0014007L00,Corporate bond,DIRECTION GENERALE DU TRESOR,0,2032-05-25,736000,EUR,83.978,PERC,,TWEM,TWEM,TRADEWEB,1,D2C,MTF,DBFTFB,'3605495440058881372
2022-07-06 14:30:16.912000,FR0014007L00,Corporate bond,DIRECTION GENERALE DU TRESOR,0,2032-05-25,600000,EUR,84.07,PERC,,TWEM,TWEM,TRADEWEB,1,D2C,MTF,DBFTFB,'3605495440058881245
2022-07-06 14:20:19.634000,FR0014007L00,Corporate bond,DIRECTION GENERALE DU TRESOR,0,2032-05-25,1000000,EUR,84.053,PERC,,TWEM,TWEM,TRADEWEB,1,D2C,MTF,DBFTFB,'3605495440058881101
2022-07-06 13:54:46.852000,FR0014007L00,Corporate bond,DIRECTION GENERALE DU TRESOR,0,2032-05-25,1000000,EUR,84.438,PERC,,TWEM,TWEM,TRADEWEB,1,D2C,MTF,DBFTFB,'3605495440058880729
2022-07-06 13:20:05.843000,FR0014007L00,Corporate bond,DIRECTION GENERALE DU TRESOR,0,2032-05-25,1000000,EUR,84.699,PERC,,TWEM,TWEM,TRADEWEB,1,D2C,MTF,DBFTFB,'3605495440058880012
2022-07-06 13:13:23.452000,FR0014007L00,Corporate bond,DIRECTION GENERALE DU TRESOR,0,2032-05-25,325000,EUR,84.699,PERC,,TWEM,TWEM,TRADEWEB,1,D2C,MTF,DBFTFB,'3605495440058879933
2022-07-06 12:19:19.321000,FR0014007L00,Corporate bond,DIRECTION GENERALE DU TRESOR,0,2032-05-25,720,EUR,84.467,PERC,,TWEM,TWEM,TRADEWEB,1,D2C,MTF,DBFTFB,'3605495440058879317
2022-07-06 09:37:37.841000,FR0014007L00,Corporate bond,DIRECTION GENERALE DU TRESOR,0,2032-05-25,500000,EUR,83.892,PERC,,TWEM,TWEM,TRADEWEB,1,D2C,MTF,DBFTFB,'3605495440058877931
2022-07-06 07:43:55.861000,FR0014007L00,Corporate bond,DIRECTION GENERALE DU TRESOR,0,2032-05-25,298830,EUR,83.712,PERC,,TWEM,TWEM,TRADEWEB,1,D2C,MTF,DBFTFB,'3605495440058876401
2022-07-05 15:57:18.904000,FR0014007L00,Corporate bond,DIRECTION GENERALE DU TRESOR,0,2032-05-25,41000,EUR,83.978,PERC,,TWEM,TWEM,TRADEWEB,1,D2C,MTF,DBFTFB,'3605494340547254428
2022-07-05 15:16:29.514000,FR0014007L00,Corporate bond,DIRECTION GENERALE DU TRESOR,0,2032-05-25,91000,EUR,83.789,PERC,,TWEM,TWEM,TRADEWEB,1,D2C,MTF,DBFTFB,'3605494340547254127
2022-07-05 15:02:56.413000,FR0014007L00,Corporate bond,DIRECTION GENERALE DU TRESOR,0,2032-05-25,2000000,EUR,83.676,PERC,,TWEM,TWEM,TRADEWEB,1,D2C,MTF,DBFTFB,'3605494340547253670
2022-07-05 12:40:07.403000,FR0014007L00,Corporate bond,DIRECTION GENERALE DU TRESOR,0,2032-05-25,800000,EUR,83.547,PERC,,TWEM,TWEM,TRADEWEB,1,D2C,MTF,DBFTFB,'3605494340547251831
2022-07-05 12:28:53.382000,FR0014007L00,Corporate bond,DIRECTION GENERALE DU TRESOR,0,2032-05-25,1159,EUR,83.412,PERC,,TWEM,TWEM,TRADEWEB,1,D2C,MTF,DBFTFB,'3605494340547251490
2022-07-05 10:27:14.004000,FR0014007L00,Corporate bond,DIRECTION GENERALE DU TRESOR,0,2032-05-25,250000,EUR,83.004,PERC,,TWEM,TWEM,TRADEWEB,1,D2C,MTF,DBFTFB,'3605494340547250281
2022-07-05 09:54:04.327000,FR0014007L00,Corporate bond,DIRECTION GENERALE DU TRESOR,0,2032-05-25,1600000,EUR,83.243,PERC,,TWEM,TWEM,TRADEWEB,1,D2C,MTF,DBFTFB,'3605494340547249989
2022-07-05 05:03:48.000000,FR0014007L00,Corporate bond,DIRECTION GENERALE DU TRESOR,0,2032-05-25,954284000,EUR,82.397212,PERC,IDAF,TWEM,TWEM,TRADEWEB,23,D2C,MTF,DBFTFB,'7208374042443645613
2022-07-04 15:22:48.353000,FR0014007L00,Corporate bond,DIRECTION GENERALE DU TRESOR,0,2032-05-25,890000,EUR,82.725,PERC,,TWEM,TWEM,TRADEWEB,1,D2C,MTF,DBFTFB,'3605493241035625902
2022-07-04 15:15:23.156000,FR0014007L00,Corporate bond,DIRECTION GENERALE DU TRESOR,0,2032-05-25,340000,EUR,82.717,PERC,,TWEM,TWEM,TRADEWEB,1,D2C,MTF,DBFTFB,'3605493241035625685
2022-07-04 15:15:13.696000,FR0014007L00,Corporate bond,DIRECTION GENERALE DU TRESOR,0,2032-05-25,600000,EUR,82.718,PERC,,TWEM,TWEM,TRADEWEB,1,D2C,MTF,DBFTFB,'3605493241035625602
2022-07-04 15:15:11.253000,FR0014007L00,Corporate bond,DIRECTION GENERALE DU TRESOR,0,2032-05-25,32900,EUR,82.741,PERC,,TWEM,TWEM,TRADEWEB,1,D2C,MTF,DBFTFB,'3605493241035625562
2022-07-04 15:15:07.860000,FR0014007L00,Corporate bond,DIRECTION GENERALE DU TRESOR,0,2032-05-25,4000,EUR,82.739,PERC,,TWEM,TWEM,TRADEWEB,1,D2C,MTF,DBFTFB,'3605493241035625542
2022-07-04 15:13:05.518000,FR0014007L00,Corporate bond,DIRECTION GENERALE DU TRESOR,0,2032-05-25,418000,EUR,82.757,PERC,,TWEM,TWEM,TRADEWEB,1,D2C,MTF,DBFTFB,'3605493241035625250
2022-07-04 13:57:08.344000,FR0014007L00,Corporate bond,DIRECTION GENERALE DU TRESOR,0,2032-05-25,200000,EUR,82.804,PERC,,TWEM,TWEM,TRADEWEB,1,D2C,MTF,DBFTFB,'3605493241035624408
2022-07-04 13:42:09.688000,FR0014007L00,Corporate bond,DIRECTION GENERALE DU TRESOR,0,2032-05-25,15302,EUR,82.713,PERC,,TWEM,TWEM,TRADEWEB,1,D2C,MTF,DBFTFB,'3605493241035624283
2022-07-04 12:27:09.066000,FR0014007L00,Corporate bond,DIRECTION GENERALE DU TRESOR,0,2032-05-25,1000000,EUR,82.895,PERC,,TWEM,TWEM,TRADEWEB,1,D2C,MTF,DBFTFB,'3605493241035623549
2022-07-04 11:00:03.552000,FR0014007L00,Corporate bond,DIRECTION GENERALE DU TRESOR,0,2032-05-25,1584000,EUR,83.075,PERC,,TWEM,TWEM,TRADEWEB,1,D2C,MTF,DBFTFB,'3605493241035622863
2022-07-04 09:59:52.125000,FR0014007L00,Corporate bond,DIRECTION GENERALE DU TRESOR,0,2032-05-25,160609,EUR,82.999,PERC,,TWEM,TWEM,TRADEWEB,1,D2C,MTF,DBFTFB,'3605493241035622362
2022-07-04 08:17:32.529000,FR0014007L00,Corporate bond,DIRECTION GENERALE DU TRESOR,0,2032-05-25,500000,EUR,83.574,PERC,,TWEM,TWEM,TRADEWEB,1,D2C,MTF,DBFTFB,'3605493241035621130
2022-07-01 15:19:34.106000,FR0014007L00,Corporate bond,DIRECTION GENERALE DU TRESOR,0,2032-05-25,69000,EUR,83.866,PERC,,TWEM,TWEM,TRADEWEB,1,D2C,MTF,DBFTFB,'3605489942500743715
2022-07-01 15:13:25.663000,FR0014007L00,Corporate bond,DIRECTION GENERALE DU TRESOR,0,2032-05-25,250000,EUR,83.944,PERC,,TWEM,TWEM,TRADEWEB,1,D2C,MTF,DBFTFB,'3605489942500743368
2022-07-01 15:07:32.379000,FR0014007L00,Corporate bond,DIRECTION GENERALE DU TRESOR,0,2032-05-25,300000,EUR,83.899,PERC,,TWEM,TWEM,TRADEWEB,1,D2C,MTF,DBFTFB,'3605489942500743225
2022-07-01 14:18:58.051000,FR0014007L00,Corporate bond,DIRECTION GENERALE DU TRESOR,0,2032-05-25,600000,EUR,84.143,PERC,,TWEM,TWEM,TRADEWEB,1,D2C,MTF,DBFTFB,'3605489942500742719
2022-07-01 13:59:48.476000,FR0014007L00,Corporate bond,DIRECTION GENERALE DU TRESOR,0,2032-05-25,43000,EUR,83.582,PERC,,TWEM,TWEM,TRADEWEB,1,D2C,MTF,DBFTFB,'3605489942500742335
2022-07-01 12:39:50.564000,FR0014007L00,Corporate bond,DIRECTION GENERALE DU TRESOR,0,2032-05-25,135000,EUR,83.341,PERC,,TWEM,TWEM,TRADEWEB,1,D2C,MTF,DBFTFB,'3605489942500741251
2022-07-01 10:50:20.644000,FR0014007L00,Corporate bond,DIRECTION GENERALE DU TRESOR,0,2032-05-25,360000,EUR,82.803,PERC,,TWEM,TWEM,TRADEWEB,1,D2C,MTF,DBFTFB,'3605489942500739873
2022-07-01 09:57:59.476000,FR0014007L00,Corporate bond,DIRECTION GENERALE DU TRESOR,0,2032-05-25,400000,EUR,82.534,PERC,,TWEM,TWEM,TRADEWEB,1,D2C,MTF,DBFTFB,'3605489942500739352
2022-07-01 09:45:47.548000,FR0014007L00,Corporate bond,DIRECTION GENERALE DU TRESOR,0,2032-05-25,100000,EUR,82.457,PERC,,TWEM,TWEM,TRADEWEB,1,D2C,MTF,DBFTFB,'3605489942500739226
2022-07-01 09:45:14.018000,FR0014007L00,Corporate bond,DIRECTION GENERALE DU TRESOR,0,2032-05-25,2000000,EUR,82.462,PERC,,TWEM,TWEM,TRADEWEB,1,D2C,MTF,DBFTFB,'3605489942500739220
2022-07-01 09:13:34.311000,FR0014007L00,Corporate bond,DIRECTION GENERALE DU TRESOR,0,2032-05-25,100000,EUR,82.394,PERC,,TWEM,TWEM,TRADEWEB,1,D2C,MTF,DBFTFB,'3605489942500738812
2022-07-01 08:00:05.610000,FR0014007L00,Corporate bond,DIRECTION GENERALE DU TRESOR,0,2032-05-25,1437000,EUR,82.532,PERC,,TWEM,TWEM,TRADEWEB,1,D2C,MTF,DBFTFB,'3605489942500737859
2022-07-01 06:31:44.564000,FR0014007L00,Corporate bond,DIRECTION GENERALE DU TRESOR,0,2032-05-25,70000,EUR,82.703,PERC,,TWEM,TWEM,TRADEWEB,1,D2C,MTF,DBFTFB,'3605489942500737037
2022-06-30 15:25:46.386000,FR0014007L00,Corporate bond,DIRECTION GENERALE DU TRESOR,0,2032-05-25,18000,EUR,82.72,PERC,,TWEM,TWEM,TRADEWEB,1,D2C,MTF,DBFTFB,'3605488842989118934
2022-06-30 15:24:43.884000,FR0014007L00,Corporate bond,DIRECTION GENERALE DU TRESOR,0,2032-05-25,99000,EUR,82.724,PERC,,TWEM,TWEM,TRADEWEB,1,D2C,MTF,DBFTFB,'3605488842989118832
2022-06-30 15:24:22.586000,FR0014007L00,Corporate bond,DIRECTION GENERALE DU TRESOR,0,2032-05-25,163000,EUR,82.724,PERC,,TWEM,TWEM,TRADEWEB,1,D2C,MTF,DBFTFB,'3605488842989118778
2022-06-30 15:23:23.614000,FR0014007L00,Corporate bond,DIRECTION GENERALE DU TRESOR,0,2032-05-25,30000,EUR,82.717,PERC,,TWEM,TWEM,TRADEWEB,1,D2C,MTF,DBFTFB,'3605488842989118742
2022-06-30 15:22:05.671000,FR0014007L00,Corporate bond,DIRECTION GENERALE DU TRESOR,0,2032-05-25,65000,EUR,82.745,PERC,,TWEM,TWEM,TRADEWEB,1,D2C,MTF,DBFTFB,'3605488842989118704
2022-06-30 15:17:18.975000,FR0014007L00,Corporate bond,DIRECTION GENERALE DU TRESOR,0,2032-05-25,873000,EUR,82.597,PERC,,TWEM,TWEM,TRADEWEB,1,D2C,MTF,DBFTFB,'3605488842989118405
2022-06-30 15:16:56.201000,FR0014007L00,Corporate bond,DIRECTION GENERALE DU TRESOR,0,2032-05-25,429000,EUR,82.606,PERC,,TWEM,TWEM,TRADEWEB,1,D2C,MTF,DBFTFB,'3605488842989118302
2022-06-30 15:16:27.946000,FR0014007L00,Corporate bond,DIRECTION GENERALE DU TRESOR,0,2032-05-25,200000,EUR,82.618,PERC,,TWEM,TWEM,TRADEWEB,1,D2C,MTF,DBFTFB,'3605488842989118118
2022-06-30 15:16:07.054000,FR0014007L00,Corporate bond,DIRECTION GENERALE DU TRESOR,0,2032-05-25,657000,EUR,82.59,PERC,,TWEM,TWEM,TRADEWEB,1,D2C,MTF,DBFTFB,'3605488842989117866
2022-06-30 15:16:04.436000,FR0014007L00,Corporate bond,DIRECTION GENERALE DU TRESOR,0,2032-05-25,2000000,EUR,82.595,PERC,,TWEM,TWEM,TRADEWEB,1,D2C,MTF,DBFTFB,'3605488842989117793
2022-06-30 15:15:54.615000,FR0014007L00,Corporate bond,DIRECTION GENERALE DU TRESOR,0,2032-05-25,300000,EUR,82.569,PERC,,TWEM,TWEM,TRADEWEB,1,D2C,MTF,DBFTFB,'3605488842989118176
2022-06-30 15:15:50.268000,FR0014007L00,Corporate bond,DIRECTION GENERALE DU TRESOR,0,2032-05-25,400000,EUR,82.565,PERC,,TWEM,TWEM,TRADEWEB,1,D2C,MTF,DBFTFB,'3605488842989117557
2022-06-30 15:15:38.091000,FR0014007L00,Corporate bond,DIRECTION GENERALE DU TRESOR,0,2032-05-25,935000,EUR,82.548,PERC,,TWEM,TWEM,TRADEWEB,1,D2C,MTF,DBFTFB,'3605488842989117282
2022-06-30 15:15:32.843000,FR0014007L00,Corporate bond,DIRECTION GENERALE DU TRESOR,0,2032-05-25,110000,EUR,82.548,PERC,,TWEM,TWEM,TRADEWEB,1,D2C,MTF,DBFTFB,'3605488842989117169
2022-06-30 15:15:22.263000,FR0014007L00,Corporate bond,DIRECTION GENERALE DU TRESOR,0,2032-05-25,117000,EUR,82.541,PERC,,TWEM,TWEM,TRADEWEB,1,D2C,MTF,DBFTFB,'3605488842989116950
2022-06-30 15:15:11.839000,FR0014007L00,Corporate bond,DIRECTION GENERALE DU TRESOR,0,2032-05-25,180000,EUR,82.534,PERC,,TWEM,TWEM,TRADEWEB,1,D2C,MTF,DBFTFB,'3605488842989116730
2022-06-30 15:14:25.960000,FR0014007L00,Corporate bond,DIRECTION GENERALE DU TRESOR,0,2032-05-25,831000,EUR,82.58,PERC,,TWEM,TWEM,TRADEWEB,1,D2C,MTF,DBFTFB,'3605488842989116282
2022-06-30 15:14:09.235000,FR0014007L00,Corporate bond,DIRECTION GENERALE DU TRESOR,0,2032-05-25,1574000,EUR,82.577,PERC,,TWEM,TWEM,TRADEWEB,1,D2C,MTF,DBFTFB,'3605488842989116118
2022-06-30 15:14:03.941000,FR0014007L00,Corporate bond,DIRECTION GENERALE DU TRESOR,0,2032-05-25,1310000,EUR,82.582,PERC,,TWEM,TWEM,TRADEWEB,1,D2C,MTF,DBFTFB,'3605488842989116056
2022-06-30 15:13:39.392000,FR0014007L00,Corporate bond,DIRECTION GENERALE DU TRESOR,0,2032-05-25,351000,EUR,82.553,PERC,,TWEM,TWEM,TRADEWEB,1,D2C,MTF,DBFTFB,'3605488842989115852
2022-06-30 15:12:37.256000,FR0014007L00,Corporate bond,DIRECTION GENERALE DU TRESOR,0,2032-05-25,116000,EUR,82.527,PERC,,TWEM,TWEM,TRADEWEB,1,D2C,MTF,DBFTFB,'3605488842989115590
2022-06-30 15:12:01.600000,FR0014007L00,Corporate bond,DIRECTION GENERALE DU TRESOR,0,2032-05-25,500000,EUR,82.512,PERC,,TWEM,TWEM,TRADEWEB,1,D2C,MTF,DBFTFB,'3605488842989115560
2022-06-30 15:11:48.612000,FR0014007L00,Corporate bond,DIRECTION GENERALE DU TRESOR,0,2032-05-25,457000,EUR,82.515,PERC,,TWEM,TWEM,TRADEWEB,1,D2C,MTF,DBFTFB,'3605488842989115509
2022-06-30 15:11:46.490000,FR0014007L00,Corporate bond,DIRECTION GENERALE DU TRESOR,0,2032-05-25,200000,EUR,82.52,PERC,,TWEM,TWEM,TRADEWEB,1,D2C,MTF,DBFTFB,'3605488842989115508
2022-06-30 15:11:20.050000,FR0014007L00,Corporate bond,DIRECTION GENERALE DU TRESOR,0,2032-05-25,486000,EUR,82.548,PERC,,TWEM,TWEM,TRADEWEB,1,D2C,MTF,DBFTFB,'3605488842989115404
2022-06-30 14:32:50.308000,FR0014007L00,Corporate bond,DIRECTION GENERALE DU TRESOR,0,2032-05-25,681000,EUR,82.552,PERC,,TWEM,TWEM,TRADEWEB,1,D2C,MTF,DBFTFB,'3605488842989114730
2022-06-30 13:54:11.427000,FR0014007L00,Corporate bond,DIRECTION GENERALE DU TRESOR,0,2032-05-25,692,EUR,82.619,PERC,,TWEM,TWEM,TRADEWEB,1,D2C,MTF,DBFTFB,'3605488842989114068
2022-06-30 10:39:03.980000,FR0014007L00,Corporate bond,DIRECTION GENERALE DU TRESOR,0,2032-05-25,130000,EUR,82.36,PERC,,TWEM,TWEM,TRADEWEB,1,D2C,MTF,DBFTFB,'3605488842989111769
2022-06-30 08:04:09.375000,FR0014007L00,Corporate bond,DIRECTION GENERALE DU TRESOR,0,2032-05-25,149000,EUR,82.257,PERC,,TWEM,TWEM,TRADEWEB,1,D2C,MTF,DBFTFB,'3605488842989110048
2022-06-29 14:53:18.938000,FR0014007L00,Corporate bond,DIRECTION GENERALE DU TRESOR,0,2032-05-25,6805,EUR,81.588,PERC,,TWEM,TWEM,TRADEWEB,1,D2C,MTF,DBFTFB,'3605487743477486810
2022-06-29 13:34:38.719000,FR0014007L00,Corporate bond,DIRECTION GENERALE DU TRESOR,0,2032-05-25,700000,EUR,81.107,PERC,,TWEM,TWEM,TRADEWEB,1,D2C,MTF,DBFTFB,'3605487743477485785
2022-06-28 15:15:18.629000,FR0014007L00,Corporate bond,DIRECTION GENERALE DU TRESOR,0,2032-05-25,500000,EUR,80.776,PERC,,TWEM,TWEM,TRADEWEB,1,D2C,MTF,DBFTFB,'3605486643965859012
2022-06-28 11:35:54.835000,FR0014007L00,Corporate bond,DIRECTION GENERALE DU TRESOR,0,2032-05-25,900000,EUR,80.702,PERC,,TWEM,TWEM,TRADEWEB,1,D2C,MTF,DBFTFB,'3605486643965856607
2022-06-28 08:20:42.737000,FR0014007L00,Corporate bond,DIRECTION GENERALE DU TRESOR,0,2032-05-25,338000,EUR,80.929,PERC,,TWEM,TWEM,TRADEWEB,1,D2C,MTF,DBFTFB,'3605486643965854585
2022-06-28 05:03:46.000000,FR0014007L00,Corporate bond,DIRECTION GENERALE DU TRESOR,0,2032-05-25,143307521,EUR,80.055468,PERC,IDAF,TWEM,TWEM,TRADEWEB,16,D2C,MTF,DBFTFB,'7208366345862251271
2022-06-27 15:28:34.781000,FR0014007L00,Corporate bond,DIRECTION GENERALE DU TRESOR,0,2032-05-25,6171,EUR,81.602,PERC,,TWEM,TWEM,TRADEWEB,1,D2C,MTF,DBFTFB,'3605485544454231481
2022-06-27 15:20:57.370000,FR0014007L00,Corporate bond,DIRECTION GENERALE DU TRESOR,0,2032-05-25,400000,EUR,81.659,PERC,,TWEM,TWEM,TRADEWEB,1,D2C,MTF,DBFTFB,'3605485544454231333
2022-06-27 15:15:08.339000,FR0014007L00,Corporate bond,DIRECTION GENERALE DU TRESOR,0,2032-05-25,15000,EUR,81.66,PERC,,TWEM,TWEM,TRADEWEB,1,D2C,MTF,DBFTFB,'3605485544454231260
2022-06-27 15:13:04.626000,FR0014007L00,Corporate bond,DIRECTION GENERALE DU TRESOR,0,2032-05-25,110000,EUR,81.657,PERC,,TWEM,TWEM,TRADEWEB,1,D2C,MTF,DBFTFB,'3605485544454231137
2022-06-27 14:48:35.787000,FR0014007L00,Corporate bond,DIRECTION GENERALE DU TRESOR,0,2032-05-25,1000000,EUR,81.571,PERC,,TWEM,TWEM,TRADEWEB,1,D2C,MTF,DBFTFB,'3605485544454230828
2022-06-27 14:07:40.584000,FR0014007L00,Corporate bond,DIRECTION GENERALE DU TRESOR,0,2032-05-25,1000000,EUR,81.632,PERC,,TWEM,TWEM,TRADEWEB,1,D2C,MTF,DBFTFB,'3605485544454230434
2022-06-27 13:48:08.936000,FR0014007L00,Corporate bond,DIRECTION GENERALE DU TRESOR,0,2032-05-25,1000000,EUR,81.842,PERC,,TWEM,TWEM,TRADEWEB,1,D2C,MTF,DBFTFB,'3605485544454230080
2022-06-27 13:46:16.600000,FR0014007L00,Corporate bond,DIRECTION GENERALE DU TRESOR,0,2032-05-25,2000000,EUR,81.763,PERC,,TWEM,TWEM,TRADEWEB,1,D2C,MTF,DBFTFB,'3605485544454230040
2022-06-27 13:45:14.524000,FR0014007L00,Corporate bond,DIRECTION GENERALE DU TRESOR,0,2032-05-25,2000000,EUR,81.731,PERC,,TWEM,TWEM,TRADEWEB,1,D2C,MTF,DBFTFB,'3605485544454230025
2022-06-27 09:40:44.174000,FR0014007L00,Corporate bond,DIRECTION GENERALE DU TRESOR,0,2032-05-25,1,EUR,81.687,PERC,,TWEM,TWEM,TRADEWEB,1,D2C,MTF,DBFTFB,'3605485544454227725
2022-06-24 15:15:26.884000,FR0014007L00,Corporate bond,DIRECTION GENERALE DU TRESOR,0,2032-05-25,2233,EUR,82.53,PERC,,TWEM,TWEM,TRADEWEB,1,D2C,MTF,DBFTFB,'3605482245919348060
2022-06-24 15:14:28.549000,FR0014007L00,Corporate bond,DIRECTION GENERALE DU TRESOR,0,2032-05-25,2000000,EUR,82.524,PERC,,TWEM,TWEM,TRADEWEB,1,D2C,MTF,DBFTFB,'3605482245919347957
2022-06-24 14:46:31.660000,FR0014007L00,Corporate bond,DIRECTION GENERALE DU TRESOR,0,2032-05-25,600000,EUR,82.279,PERC,,TWEM,TWEM,TRADEWEB,1,D2C,MTF,DBFTFB,'3605482245919347283
2022-06-24 14:26:21.129000,FR0014007L00,Corporate bond,DIRECTION GENERALE DU TRESOR,0,2032-05-25,1200000,EUR,82.524,PERC,,TWEM,TWEM,TRADEWEB,1,D2C,MTF,DBFTFB,'3605482245919347127
2022-06-24 14:26:18.119000,FR0014007L00,Corporate bond,DIRECTION GENERALE DU TRESOR,0,2032-05-25,100000,EUR,82.522,PERC,,TWEM,TWEM,TRADEWEB,1,D2C,MTF,DBFTFB,'3605482245919347124
2022-06-24 13:50:13.926000,FR0014007L00,Corporate bond,DIRECTION GENERALE DU TRESOR,0,2032-05-25,719,EUR,82.222,PERC,,TWEM,TWEM,TRADEWEB,1,D2C,MTF,DBFTFB,'3605482245919346638
2022-06-24 09:30:04.163000,FR0014007L00,Corporate bond,DIRECTION GENERALE DU TRESOR,0,2032-05-25,1694000,EUR,82.138,PERC,,TWEM,TWEM,TRADEWEB,1,D2C,MTF,DBFTFB,'3605482245919344248
2022-06-24 08:33:33.853000,FR0014007L00,Corporate bond,DIRECTION GENERALE DU TRESOR,0,2032-05-25,108000,EUR,82.619,PERC,,TWEM,TWEM,TRADEWEB,1,D2C,MTF,DBFTFB,'3605482245919343530
2022-06-24 08:30:56.378000,FR0014007L00,Corporate bond,DIRECTION GENERALE DU TRESOR,0,2032-05-25,300000,EUR,82.621,PERC,,TWEM,TWEM,TRADEWEB,1,D2C,MTF,DBFTFB,'3605482245919343501
2022-06-24 08:21:23.285000,FR0014007L00,Corporate bond,DIRECTION GENERALE DU TRESOR,0,2032-05-25,2000000,EUR,82.662,PERC,,TWEM,TWEM,TRADEWEB,1,D2C,MTF,DBFTFB,'3605482245919343351
2022-06-24 08:08:29.585000,FR0014007L00,Corporate bond,DIRECTION GENERALE DU TRESOR,0,2032-05-25,2000000,EUR,82.792,PERC,,TWEM,TWEM,TRADEWEB,1,D2C,MTF,DBFTFB,'3605482245919343177
2022-06-23 15:15:05.022000,FR0014007L00,Corporate bond,DIRECTION GENERALE DU TRESOR,0,2032-05-25,900000,EUR,82.572,PERC,,TWEM,TWEM,TRADEWEB,1,D2C,MTF,DBFTFB,'3605481146407719926
2022-06-23 15:10:04.052000,FR0014007L00,Corporate bond,DIRECTION GENERALE DU TRESOR,0,2032-05-25,1500000,EUR,82.519,PERC,,TWEM,TWEM,TRADEWEB,1,D2C,MTF,DBFTFB,'3605481146407719832
2022-06-23 14:14:52.651000,FR0014007L00,Corporate bond,DIRECTION GENERALE DU TRESOR,0,2032-05-25,1000000,EUR,82.535,PERC,,TWEM,TWEM,TRADEWEB,1,D2C,MTF,DBFTFB,'3605481146407719349
2022-06-23 12:46:53.641000,FR0014007L00,Corporate bond,DIRECTION GENERALE DU TRESOR,0,2032-05-25,1500000,EUR,82.194,PERC,,TWEM,TWEM,TRADEWEB,1,D2C,MTF,DBFTFB,'3605481146407718384
2022-06-23 12:30:04.488000,FR0014007L00,Corporate bond,DIRECTION GENERALE DU TRESOR,0,2032-05-25,2441000,EUR,82.116,PERC,,TWEM,TWEM,TRADEWEB,1,D2C,MTF,DBFTFB,'3605481146407718116
2022-06-23 11:00:37.622000,FR0014007L00,Corporate bond,DIRECTION GENERALE DU TRESOR,0,2032-05-25,7300,EUR,82.095,PERC,,TWEM,TWEM,TRADEWEB,1,D2C,MTF,DBFTFB,'3605481146407717634
2022-06-23 10:04:01.475000,FR0014007L00,Corporate bond,DIRECTION GENERALE DU TRESOR,0,2032-05-25,,EUR,82.334,PERC,TPAC VOLO,TWEM,TWEM,TRADEWEB,1,D2C,MTF,DBFTFB,'7208365246350623163
2022-06-23 09:35:26.760000,FR0014007L00,Corporate bond,DIRECTION GENERALE DU TRESOR,0,2032-05-25,1300000,EUR,82.437,PERC,,TWEM,TWEM,TRADEWEB,1,D2C,MTF,DBFTFB,'3605481146407716622
2022-06-23 06:41:35.387000,FR0014007L00,Corporate bond,DIRECTION GENERALE DU TRESOR,0,2032-05-25,840000,EUR,80.812,PERC,,TWEM,TWEM,TRADEWEB,1,D2C,MTF,DBFTFB,'3605481146407714817
2022-06-22 12:33:21.676000,FR0014007L00,Corporate bond,DIRECTION GENERALE DU TRESOR,0,2032-05-25,1892,EUR,80.544,PERC,,TWEM,TWEM,TRADEWEB,1,D2C,MTF,DBFTFB,'3605480046896090768
2022-06-22 09:19:32.882000,FR0014007L00,Corporate bond,DIRECTION GENERALE DU TRESOR,0,2032-05-25,2000000,EUR,80.273,PERC,,TWEM,TWEM,TRADEWEB,1,D2C,MTF,DBFTFB,'3605480046896088869
2022-06-21 15:57:00.919000,FR0014007L00,Corporate bond,DIRECTION GENERALE DU TRESOR,0,2032-05-25,223000,EUR,79.575,PERC,,TWEM,TWEM,TRADEWEB,1,D2C,MTF,DBFTFB,'3605478947384466180
2022-06-21 15:48:23.806000,FR0014007L00,Corporate bond,DIRECTION GENERALE DU TRESOR,0,2032-05-25,400000,EUR,79.584,PERC,,TWEM,TWEM,TRADEWEB,1,D2C,MTF,DBFTFB,'3605478947384466146
2022-06-21 15:13:59.864000,FR0014007L00,Corporate bond,DIRECTION GENERALE DU TRESOR,0,2032-05-25,700000,EUR,79.549,PERC,,TWEM,TWEM,TRADEWEB,1,D2C,MTF,DBFTFB,'3605478947384465855
2022-06-21 15:13:19.160000,FR0014007L00,Corporate bond,DIRECTION GENERALE DU TRESOR,0,2032-05-25,300000,EUR,79.554,PERC,,TWEM,TWEM,TRADEWEB,1,D2C,MTF,DBFTFB,'3605478947384465779
2022-06-21 14:20:33.850000,FR0014007L00,Corporate bond,DIRECTION GENERALE DU TRESOR,0,2032-05-25,1165000,EUR,79.526,PERC,,TWEM,TWEM,TRADEWEB,1,D2C,MTF,DBFTFB,'3605478947384465128
2022-06-21 14:16:16.252000,FR0014007L00,Corporate bond,DIRECTION GENERALE DU TRESOR,0,2032-05-25,2000000,EUR,79.452,PERC,,TWEM,TWEM,TRADEWEB,1,D2C,MTF,DBFTFB,'3605478947384465066
2022-06-21 14:12:48.488000,FR0014007L00,Corporate bond,DIRECTION GENERALE DU TRESOR,0,2032-05-25,5800,EUR,79.463,PERC,,TWEM,TWEM,TRADEWEB,1,D2C,MTF,DBFTFB,'3605478947384465007
2022-06-21 13:49:26.758000,FR0014007L00,Corporate bond,DIRECTION GENERALE DU TRESOR,0,2032-05-25,825706,EUR,79.557,PERC,,TWEM,TWEM,TRADEWEB,1,D2C,MTF,DBFTFB,'3605478947384464603
2022-06-21 12:14:41.292000,FR0014007L00,Corporate bond,DIRECTION GENERALE DU TRESOR,0,2032-05-25,1100000,EUR,79.604,PERC,,TWEM,TWEM,TRADEWEB,1,D2C,MTF,DBFTFB,'3605478947384463389
2022-06-21 09:31:03.324000,FR0014007L00,Corporate bond,DIRECTION GENERALE DU TRESOR,0,2032-05-25,976000,EUR,79.92,PERC,,TWEM,TWEM,TRADEWEB,1,D2C,MTF,DBFTFB,'3605478947384461541
2022-06-21 08:27:28.386000,FR0014007L00,Corporate bond,DIRECTION GENERALE DU TRESOR,0,2032-05-25,2110000,EUR,79.799,PERC,,TWEM,TWEM,TRADEWEB,1,D2C,MTF,DBFTFB,'3605478947384460427
2022-06-21 05:03:31.000000,FR0014007L00,Corporate bond,DIRECTION GENERALE DU TRESOR,0,2032-05-25,262410000,EUR,79.89085,PERC,IDAF,TWEM,TWEM,TRADEWEB,15,D2C,MTF,DBFTFB,'7208358649280856715
2022-06-20 15:55:06.284000,FR0014007L00,Corporate bond,DIRECTION GENERALE DU TRESOR,0,2032-05-25,405000,EUR,79.744,PERC,,TWEM,TWEM,TRADEWEB,1,D2C,MTF,DBFTFB,'3605477847872837593
2022-06-20 15:27:11.938000,FR0014007L00,Corporate bond,DIRECTION GENERALE DU TRESOR,0,2032-05-25,1080000,EUR,79.811,PERC,,TWEM,TWEM,TRADEWEB,1,D2C,MTF,DBFTFB,'3605477847872837420
2022-06-20 15:12:56.912000,FR0014007L00,Corporate bond,DIRECTION GENERALE DU TRESOR,0,2032-05-25,13305,EUR,79.87,PERC,,TWEM,TWEM,TRADEWEB,1,D2C,MTF,DBFTFB,'3605477847872837149
2022-06-20 13:00:46.386000,FR0014007L00,Corporate bond,DIRECTION GENERALE DU TRESOR,0,2032-05-25,12815,EUR,80.192,PERC,,TWEM,TWEM,TRADEWEB,1,D2C,MTF,DBFTFB,'3605477847872835717
2022-06-20 09:12:03.809000,FR0014007L00,Corporate bond,DIRECTION GENERALE DU TRESOR,0,2032-05-25,1400000,EUR,80.59,PERC,,TWEM,TWEM,TRADEWEB,1,D2C,MTF,DBFTFB,'3605477847872833143
2022-06-20 08:27:48.378000,FR0014007L00,Corporate bond,DIRECTION GENERALE DU TRESOR,0,2032-05-25,250000,EUR,80.592,PERC,,TWEM,TWEM,TRADEWEB,1,D2C,MTF,DBFTFB,'3605477847872832473
2022-06-20 07:21:41.907000,FR0014007L00,Corporate bond,DIRECTION GENERALE DU TRESOR,0,2032-05-25,300000,EUR,80.327,PERC,,TWEM,TWEM,TRADEWEB,1,D2C,MTF,DBFTFB,'3605477847872831753
2022-06-17 15:21:34.156000,FR0014007L00,Corporate bond,DIRECTION GENERALE DU TRESOR,0,2032-05-25,54000,EUR,80.557,PERC,,TWEM,TWEM,TRADEWEB,1,D2C,MTF,DBFTFB,'3605474549337954837
2022-06-17 15:13:50.523000,FR0014007L00,Corporate bond,DIRECTION GENERALE DU TRESOR,0,2032-05-25,204000,EUR,80.509,PERC,,TWEM,TWEM,TRADEWEB,1,D2C,MTF,DBFTFB,'3605474549337954647
2022-06-17 14:49:46.381000,FR0014007L00,Corporate bond,DIRECTION GENERALE DU TRESOR,0,2032-05-25,60000,EUR,80.299,PERC,,TWEM,TWEM,TRADEWEB,1,D2C,MTF,DBFTFB,'3605474549337954352
2022-06-17 08:48:16.762000,FR0014007L00,Corporate bond,DIRECTION GENERALE DU TRESOR,0,2032-05-25,500000,EUR,80.475,PERC,,TWEM,TWEM,TRADEWEB,1,D2C,MTF,DBFTFB,'3605474549337949771
2022-06-16 15:52:46.602000,FR0014007L00,Corporate bond,DIRECTION GENERALE DU TRESOR,0,2032-05-25,41000,EUR,80.145,PERC,,TWEM,TWEM,TRADEWEB,1,D2C,MTF,DBFTFB,'3605473449826327974
2022-06-16 15:48:03.475000,FR0014007L00,Corporate bond,DIRECTION GENERALE DU TRESOR,0,2032-05-25,2000,EUR,80.177,PERC,,TWEM,TWEM,TRADEWEB,1,D2C,MTF,DBFTFB,'3605473449826327837
2022-06-16 15:14:05.903000,FR0014007L00,Corporate bond,DIRECTION GENERALE DU TRESOR,0,2032-05-25,532000,EUR,80.152,PERC,,TWEM,TWEM,TRADEWEB,1,D2C,MTF,DBFTFB,'3605473449826327351
2022-06-16 13:09:46.465000,FR0014007L00,Corporate bond,DIRECTION GENERALE DU TRESOR,0,2032-05-25,50000,EUR,79.46,PERC,,TWEM,TWEM,TRADEWEB,1,D2C,MTF,DBFTFB,'3605473449826325460
2022-06-16 10:37:47.404000,FR0014007L00,Corporate bond,DIRECTION GENERALE DU TRESOR,0,2032-05-25,92000,EUR,79.108,PERC,,TWEM,TWEM,TRADEWEB,1,D2C,MTF,DBFTFB,'3605473449826323513
2022-06-16 09:51:05.354000,FR0014007L00,Corporate bond,DIRECTION GENERALE DU TRESOR,0,2032-05-25,53000,EUR,78.968,PERC,,TWEM,TWEM,TRADEWEB,1,D2C,MTF,DBFTFB,'3605473449826322989
2022-06-16 09:36:41.544000,FR0014007L00,Corporate bond,DIRECTION GENERALE DU TRESOR,0,2032-05-25,200000,EUR,79.071,PERC,,TWEM,TWEM,TRADEWEB,1,D2C,MTF,DBFTFB,'3605473449826322823
2022-06-15 15:36:33.051000,FR0014007L00,Corporate bond,DIRECTION GENERALE DU TRESOR,0,2032-05-25,41000,EUR,80.311,PERC,,TWEM,TWEM,TRADEWEB,1,D2C,MTF,DBFTFB,'3605472350314702009
2022-06-15 15:18:42.279000,FR0014007L00,Corporate bond,DIRECTION GENERALE DU TRESOR,0,2032-05-25,141744,EUR,80.433,PERC,,TWEM,TWEM,TRADEWEB,1,D2C,MTF,DBFTFB,'3605472350314701645
2022-06-15 15:15:46.051000,FR0014007L00,Corporate bond,DIRECTION GENERALE DU TRESOR,0,2032-05-25,400000,EUR,80.542,PERC,,TWEM,TWEM,TRADEWEB,1,D2C,MTF,DBFTFB,'3605472350314701496
2022-06-15 15:15:39.211000,FR0014007L00,Corporate bond,DIRECTION GENERALE DU TRESOR,0,2032-05-25,1100000,EUR,80.552,PERC,,TWEM,TWEM,TRADEWEB,1,D2C,MTF,DBFTFB,'3605472350314701472
2022-06-15 14:59:52.029000,FR0014007L00,Corporate bond,DIRECTION GENERALE DU TRESOR,0,2032-05-25,700000,EUR,80.536,PERC,,TWEM,TWEM,TRADEWEB,1,D2C,MTF,DBFTFB,'3605472350314700834
2022-06-15 14:50:40.675000,FR0014007L00,Corporate bond,DIRECTION GENERALE DU TRESOR,0,2032-05-25,520000,EUR,80.582,PERC,,TWEM,TWEM,TRADEWEB,1,D2C,MTF,DBFTFB,'3605472350314700625
2022-06-15 14:00:04.924000,FR0014007L00,Corporate bond,DIRECTION GENERALE DU TRESOR,0,2032-05-25,1688000,EUR,80.723,PERC,,TWEM,TWEM,TRADEWEB,1,D2C,MTF,DBFTFB,'3605472350314699720
2022-06-15 12:56:49.471000,FR0014007L00,Corporate bond,DIRECTION GENERALE DU TRESOR,0,2032-05-25,15000,EUR,80.471,PERC,,TWEM,TWEM,TRADEWEB,1,D2C,MTF,DBFTFB,'3605472350314698649
2022-06-15 11:51:31.261000,FR0014007L00,Corporate bond,DIRECTION GENERALE DU TRESOR,0,2032-05-25,1766,EUR,80.446,PERC,,TWEM,TWEM,TRADEWEB,1,D2C,MTF,DBFTFB,'3605472350314697815
2022-06-15 11:07:40.816000,FR0014007L00,Corporate bond,DIRECTION GENERALE DU TRESOR,0,2032-05-25,116000,EUR,80.153,PERC,,TWEM,TWEM,TRADEWEB,1,D2C,MTF,DBFTFB,'3605472350314697451
2022-06-15 09:43:01.624000,FR0014007L00,Corporate bond,DIRECTION GENERALE DU TRESOR,0,2032-05-25,2000000,EUR,79.769,PERC,,TWEM,TWEM,TRADEWEB,1,D2C,MTF,DBFTFB,'3605472350314695844
2022-06-15 09:30:06.005000,FR0014007L00,Corporate bond,DIRECTION GENERALE DU TRESOR,0,2032-05-25,1390000,EUR,79.722,PERC,,TWEM,TWEM,TRADEWEB,1,D2C,MTF,DBFTFB,'3605472350314695429
2022-06-15 09:24:15.792000,FR0014007L00,Corporate bond,DIRECTION GENERALE DU TRESOR,0,2032-05-25,930000,EUR,79.69,PERC,,TWEM,TWEM,TRADEWEB,1,D2C,MTF,DBFTFB,'3605472350314695322
2022-06-15 08:54:42.606000,FR0014007L00,Corporate bond,DIRECTION GENERALE DU TRESOR,0,2032-05-25,1500000,EUR,79.603,PERC,,TWEM,TWEM,TRADEWEB,1,D2C,MTF,DBFTFB,'3605472350314694782
2022-06-15 08:39:47.323000,FR0014007L00,Corporate bond,DIRECTION GENERALE DU TRESOR,0,2032-05-25,250000,EUR,79.583,PERC,,TWEM,TWEM,TRADEWEB,1,D2C,MTF,DBFTFB,'3605472350314694521
2022-06-15 08:16:16.182000,FR0014007L00,Corporate bond,DIRECTION GENERALE DU TRESOR,0,2032-05-25,623,EUR,79.648,PERC,,TWEM,TWEM,TRADEWEB,1,D2C,MTF,DBFTFB,'3605472350314693851
2022-06-15 08:03:26.850000,FR0014007L00,Corporate bond,DIRECTION GENERALE DU TRESOR,0,2032-05-25,11000000,EUR,79.482,PERC,FULV SIZE TPAC,TWEM,TWEM,TRADEWEB,1,D2C,MTF,DBFTFB,'7208385037559922750
2022-06-15 08:03:26.850000,FR0014007L00,Corporate bond,DIRECTION GENERALE DU TRESOR,0,2032-05-25,,EUR,79.482,PERC,TPAC VOLO,TWEM,TWEM,TRADEWEB,1,D2C,MTF,DBFTFB,'7208354251234345201
2022-06-15 08:02:44.543000,FR0014007L00,Corporate bond,DIRECTION GENERALE DU TRESOR,0,2032-05-25,2500000,EUR,79.469,PERC,,TWEM,TWEM,TRADEWEB,1,D2C,MTF,DBFTFB,'3605472350314693666
2022-06-14 15:14:19.406000,FR0014007L00,Corporate bond,DIRECTION GENERALE DU TRESOR,0,2032-05-25,530000,EUR,79.504,PERC,,TWEM,TWEM,TRADEWEB,1,D2C,MTF,DBFTFB,'3605471250803072650
2022-06-14 12:34:03.987000,FR0014007L00,Corporate bond,DIRECTION GENERALE DU TRESOR,0,2032-05-25,300000,EUR,80.073,PERC,,TWEM,TWEM,TRADEWEB,1,D2C,MTF,DBFTFB,'3605471250803069733
2022-06-14 12:33:29.663000,FR0014007L00,Corporate bond,DIRECTION GENERALE DU TRESOR,0,2032-05-25,100000,EUR,80.05,PERC,,TWEM,TWEM,TRADEWEB,1,D2C,MTF,DBFTFB,'3605471250803069723
2022-06-14 11:39:37.864000,FR0014007L00,Corporate bond,DIRECTION GENERALE DU TRESOR,0,2032-05-25,307000,EUR,79.855,PERC,,TWEM,TWEM,TRADEWEB,1,D2C,MTF,DBFTFB,'3605471250803069034
2022-06-14 11:30:05.740000,FR0014007L00,Corporate bond,DIRECTION GENERALE DU TRESOR,0,2032-05-25,1425000,EUR,79.85,PERC,,TWEM,TWEM,TRADEWEB,1,D2C,MTF,DBFTFB,'3605471250803068949
2022-06-14 09:35:02.156000,FR0014007L00,Corporate bond,DIRECTION GENERALE DU TRESOR,0,2032-05-25,2300000,EUR,79.954,PERC,,TWEM,TWEM,TRADEWEB,1,D2C,MTF,DBFTFB,'3605471250803067509
2022-06-14 09:19:18.934000,FR0014007L00,Corporate bond,DIRECTION GENERALE DU TRESOR,0,2032-05-25,300000,EUR,80.044,PERC,,TWEM,TWEM,TRADEWEB,1,D2C,MTF,DBFTFB,'3605471250803067222
2022-06-14 05:03:22.000000,FR0014007L00,Corporate bond,DIRECTION GENERALE DU TRESOR,0,2032-05-25,408500000,EUR,82.556564,PERC,IDAF,TWEM,TWEM,TRADEWEB,18,D2C,MTF,DBFTFB,'7208350952699462258
2022-06-13 15:15:03.171000,FR0014007L00,Corporate bond,DIRECTION GENERALE DU TRESOR,0,2032-05-25,218000,EUR,80.265,PERC,,TWEM,TWEM,TRADEWEB,1,D2C,MTF,DBFTFB,'3605470151291444944
2022-06-13 15:06:35.730000,FR0014007L00,Corporate bond,DIRECTION GENERALE DU TRESOR,0,2032-05-25,219000,EUR,80.3,PERC,,TWEM,TWEM,TRADEWEB,1,D2C,MTF,DBFTFB,'3605470151291444581
2022-06-13 15:04:59.830000,FR0014007L00,Corporate bond,DIRECTION GENERALE DU TRESOR,0,2032-05-25,300000,EUR,80.299,PERC,,TWEM,TWEM,TRADEWEB,1,D2C,MTF,DBFTFB,'3605470151291444507
2022-06-13 14:48:30.566000,FR0014007L00,Corporate bond,DIRECTION GENERALE DU TRESOR,0,2032-05-25,1500000,EUR,80.371,PERC,,TWEM,TWEM,TRADEWEB,1,D2C,MTF,DBFTFB,'3605470151291444182
2022-06-13 14:37:59.185000,FR0014007L00,Corporate bond,DIRECTION GENERALE DU TRESOR,0,2032-05-25,1400000,EUR,80.322,PERC,,TWEM,TWEM,TRADEWEB,1,D2C,MTF,DBFTFB,'3605470151291444013
2022-06-13 13:10:43.130000,FR0014007L00,Corporate bond,DIRECTION GENERALE DU TRESOR,0,2032-05-25,453,EUR,80.605,PERC,,TWEM,TWEM,TRADEWEB,1,D2C,MTF,DBFTFB,'3605470151291442315
2022-06-13 12:25:42.244000,FR0014007L00,Corporate bond,DIRECTION GENERALE DU TRESOR,0,2032-05-25,1155,EUR,80.538,PERC,,TWEM,TWEM,TRADEWEB,1,D2C,MTF,DBFTFB,'3605470151291441715
2022-06-13 10:27:48.675000,FR0014007L00,Corporate bond,DIRECTION GENERALE DU TRESOR,0,2032-05-25,1500000,EUR,80.685,PERC,,TWEM,TWEM,TRADEWEB,1,D2C,MTF,DBFTFB,'3605470151291440309
2022-06-13 10:08:30.924000,FR0014007L00,Corporate bond,DIRECTION GENERALE DU TRESOR,0,2032-05-25,1000000,EUR,80.796,PERC,,TWEM,TWEM,TRADEWEB,1,D2C,MTF,DBFTFB,'3605470151291440080
2022-06-13 09:38:54.811000,FR0014007L00,Corporate bond,DIRECTION GENERALE DU TRESOR,0,2032-05-25,2000000,EUR,80.856,PERC,,TWEM,TWEM,TRADEWEB,1,D2C,MTF,DBFTFB,'3605470151291439614
2022-06-13 09:30:33.793000,FR0014007L00,Corporate bond,DIRECTION GENERALE DU TRESOR,0,2032-05-25,2000000,EUR,80.805,PERC,,TWEM,TWEM,TRADEWEB,1,D2C,MTF,DBFTFB,'3605470151291439447
2022-06-13 09:30:05.849000,FR0014007L00,Corporate bond,DIRECTION GENERALE DU TRESOR,0,2032-05-25,1697000,EUR,80.785,PERC,,TWEM,TWEM,TRADEWEB,1,D2C,MTF,DBFTFB,'3605470151291439438
2022-06-13 08:14:51.732000,FR0014007L00,Corporate bond,DIRECTION GENERALE DU TRESOR,0,2032-05-25,500000,EUR,81.123,PERC,,TWEM,TWEM,TRADEWEB,1,D2C,MTF,DBFTFB,'3605470151291438139
2022-06-13 08:02:32.126000,FR0014007L00,Corporate bond,DIRECTION GENERALE DU TRESOR,0,2032-05-25,500000,EUR,80.994,PERC,,TWEM,TWEM,TRADEWEB,1,D2C,MTF,DBFTFB,'3605470151291437968
2022-06-13 07:40:47.600000,FR0014007L00,Corporate bond,DIRECTION GENERALE DU TRESOR,0,2032-05-25,33000,EUR,80.705,PERC,,TWEM,TWEM,TRADEWEB,1,D2C,MTF,DBFTFB,'3605470151291437556
2022-06-13 07:33:18.102000,FR0014007L00,Corporate bond,DIRECTION GENERALE DU TRESOR,0,2032-05-25,15000,EUR,80.87,PERC,,TWEM,TWEM,TRADEWEB,1,D2C,MTF,DBFTFB,'3605470151291437460
2022-06-10 15:13:13.322000,FR0014007L00,Corporate bond,DIRECTION GENERALE DU TRESOR,0,2032-05-25,409000,EUR,81.487,PERC,,TWEM,TWEM,TRADEWEB,1,D2C,MTF,DBFTFB,'3605466852756559860
2022-06-10 11:02:09.512000,FR0014007L00,Corporate bond,DIRECTION GENERALE DU TRESOR,0,2032-05-25,7000,EUR,82.263,PERC,,TWEM,TWEM,TRADEWEB,1,D2C,MTF,DBFTFB,'3605466852756556662
2022-06-10 09:40:08.993000,FR0014007L00,Corporate bond,DIRECTION GENERALE DU TRESOR,0,2032-05-25,5000,EUR,82.283,PERC,,TWEM,TWEM,TRADEWEB,1,D2C,MTF,DBFTFB,'3605466852756555874
2022-06-10 09:01:27.634000,FR0014007L00,Corporate bond,DIRECTION GENERALE DU TRESOR,0,2032-05-25,20000,EUR,82.397,PERC,,TWEM,TWEM,TRADEWEB,1,D2C,MTF,DBFTFB,'3605466852756555297
2022-06-09 15:13:39.455000,FR0014007L00,Corporate bond,DIRECTION GENERALE DU TRESOR,0,2032-05-25,550000,EUR,82.272,PERC,,TWEM,TWEM,TRADEWEB,1,D2C,MTF,DBFTFB,'3605465753244931664
2022-06-09 14:45:51.541000,FR0014007L00,Corporate bond,DIRECTION GENERALE DU TRESOR,0,2032-05-25,81000,EUR,82.258,PERC,,TWEM,TWEM,TRADEWEB,1,D2C,MTF,DBFTFB,'3605465753244931227
2022-06-09 13:28:12.263000,FR0014007L00,Corporate bond,DIRECTION GENERALE DU TRESOR,0,2032-05-25,110000,EUR,82.49,PERC,,TWEM,TWEM,TRADEWEB,1,D2C,MTF,DBFTFB,'3605465753244930228
2022-06-09 13:12:38.670000,FR0014007L00,Corporate bond,DIRECTION GENERALE DU TRESOR,0,2032-05-25,70000,EUR,82.175,PERC,,TWEM,TWEM,TRADEWEB,1,D2C,MTF,DBFTFB,'3605465753244930020
2022-06-09 13:04:46.355000,FR0014007L00,Corporate bond,DIRECTION GENERALE DU TRESOR,0,2032-05-25,170000,EUR,82.203,PERC,,TWEM,TWEM,TRADEWEB,1,D2C,MTF,DBFTFB,'3605465753244929892
2022-06-09 12:51:40.272000,FR0014007L00,Corporate bond,DIRECTION GENERALE DU TRESOR,0,2032-05-25,1000000,EUR,82.099,PERC,,TWEM,TWEM,TRADEWEB,1,D2C,MTF,DBFTFB,'3605465753244929630
2022-06-09 12:31:13.170000,FR0014007L00,Corporate bond,DIRECTION GENERALE DU TRESOR,0,2032-05-25,1000000,EUR,82.348,PERC,,TWEM,TWEM,TRADEWEB,1,D2C,MTF,DBFTFB,'3605465753244929269
2022-06-09 11:51:20.022000,FR0014007L00,Corporate bond,DIRECTION GENERALE DU TRESOR,0,2032-05-25,250000,EUR,82.821,PERC,,TWEM,TWEM,TRADEWEB,1,D2C,MTF,DBFTFB,'3605465753244928816
2022-06-08 15:13:04.065000,FR0014007L00,Corporate bond,DIRECTION GENERALE DU TRESOR,0,2032-05-25,200000,EUR,83.162,PERC,,TWEM,TWEM,TRADEWEB,1,D2C,MTF,DBFTFB,'3605464653733303597
2022-06-08 12:15:58.995000,FR0014007L00,Corporate bond,DIRECTION GENERALE DU TRESOR,0,2032-05-25,1015,EUR,83.183,PERC,,TWEM,TWEM,TRADEWEB,1,D2C,MTF,DBFTFB,'3605464653733301717
2022-06-08 09:48:56.960000,FR0014007L00,Corporate bond,DIRECTION GENERALE DU TRESOR,0,2032-05-25,50000,EUR,83.34,PERC,,TWEM,TWEM,TRADEWEB,1,D2C,MTF,DBFTFB,'3605464653733300483
2022-06-08 08:57:13.077000,FR0014007L00,Corporate bond,DIRECTION GENERALE DU TRESOR,0,2032-05-25,150000,EUR,83.39,PERC,,TWEM,TWEM,TRADEWEB,1,D2C,MTF,DBFTFB,'3605464653733299654
2022-06-08 08:55:46.997000,FR0014007L00,Corporate bond,DIRECTION GENERALE DU TRESOR,0,2032-05-25,130000,EUR,83.392,PERC,,TWEM,TWEM,TRADEWEB,1,D2C,MTF,DBFTFB,'3605464653733299628
2022-06-08 08:18:06.147000,FR0014007L00,Corporate bond,DIRECTION GENERALE DU TRESOR,0,2032-05-25,500000,EUR,83.359,PERC,,TWEM,TWEM,TRADEWEB,1,D2C,MTF,DBFTFB,'3605464653733299206
2022-06-08 08:13:42.643000,FR0014007L00,Corporate bond,DIRECTION GENERALE DU TRESOR,0,2032-05-25,740000,EUR,83.434,PERC,,TWEM,TWEM,TRADEWEB,1,D2C,MTF,DBFTFB,'3605464653733299120
2022-06-08 07:53:19.289000,FR0014007L00,Corporate bond,DIRECTION GENERALE DU TRESOR,0,2032-05-25,750000,EUR,83.445,PERC,,TWEM,TWEM,TRADEWEB,1,D2C,MTF,DBFTFB,'3605464653733298828
2022-06-08 07:43:07.418000,FR0014007L00,Corporate bond,DIRECTION GENERALE DU TRESOR,0,2032-05-25,90000,EUR,83.459,PERC,,TWEM,TWEM,TRADEWEB,1,D2C,MTF,DBFTFB,'3605464653733298687
2022-06-07 15:15:28.847000,FR0014007L00,Corporate bond,DIRECTION GENERALE DU TRESOR,0,2032-05-25,468000,EUR,83.792,PERC,,TWEM,TWEM,TRADEWEB,1,D2C,MTF,DBFTFB,'3605463554221676291
2022-06-07 15:15:08.428000,FR0014007L00,Corporate bond,DIRECTION GENERALE DU TRESOR,0,2032-05-25,98000,EUR,83.745,PERC,,TWEM,TWEM,TRADEWEB,1,D2C,MTF,DBFTFB,'3605463554221676200
2022-06-07 15:04:01.257000,FR0014007L00,Corporate bond,DIRECTION GENERALE DU TRESOR,0,2032-05-25,800000,EUR,83.757,PERC,,TWEM,TWEM,TRADEWEB,1,D2C,MTF,DBFTFB,'3605463554221675903
2022-06-07 14:37:58.015000,FR0014007L00,Corporate bond,DIRECTION GENERALE DU TRESOR,0,2032-05-25,336000,EUR,83.717,PERC,,TWEM,TWEM,TRADEWEB,1,D2C,MTF,DBFTFB,'3605463554221675617
2022-06-07 13:42:29.508000,FR0014007L00,Corporate bond,DIRECTION GENERALE DU TRESOR,0,2032-05-25,813,EUR,83.617,PERC,,TWEM,TWEM,TRADEWEB,1,D2C,MTF,DBFTFB,'3605463554221674875
2022-06-07 09:58:53.469000,FR0014007L00,Corporate bond,DIRECTION GENERALE DU TRESOR,0,2032-05-25,100000,EUR,83.652,PERC,,TWEM,TWEM,TRADEWEB,1,D2C,MTF,DBFTFB,'3605463554221672553
2022-06-07 09:16:40.494000,FR0014007L00,Corporate bond,DIRECTION GENERALE DU TRESOR,0,2032-05-25,15000,EUR,83.753,PERC,,TWEM,TWEM,TRADEWEB,1,D2C,MTF,DBFTFB,'3605463554221672002
2022-06-07 09:04:42.029000,FR0014007L00,Corporate bond,DIRECTION GENERALE DU TRESOR,0,2032-05-25,350000,EUR,83.722,PERC,,TWEM,TWEM,TRADEWEB,1,D2C,MTF,DBFTFB,'3605463554221671859
2022-06-07 08:12:07.126000,FR0014007L00,Corporate bond,DIRECTION GENERALE DU TRESOR,0,2032-05-25,520000,EUR,83.538,PERC,,TWEM,TWEM,TRADEWEB,1,D2C,MTF,DBFTFB,'3605463554221671211
2022-06-07 07:43:28.220000,FR0014007L00,Corporate bond,DIRECTION GENERALE DU TRESOR,0,2032-05-25,64000,EUR,83.443,PERC,,TWEM,TWEM,TRADEWEB,1,D2C,MTF,DBFTFB,'3605463554221670921
2022-06-07 05:03:54.000000,FR0014007L00,Corporate bond,DIRECTION GENERALE DU TRESOR,0,2032-05-25,1330921540,EUR,84.859349,PERC,IDAF,TWEM,TWEM,TRADEWEB,34,D2C,MTF,DBFTFB,'7208343256118067786
2022-06-06 15:31:41.554000,FR0014007L00,Corporate bond,DIRECTION GENERALE DU TRESOR,0,2032-05-25,1118000,EUR,83.333,PERC,,TWEM,TWEM,TRADEWEB,1,D2C,MTF,DBFTFB,'3605462454710045899
2022-06-06 14:32:44.653000,FR0014007L00,Corporate bond,DIRECTION GENERALE DU TRESOR,0,2032-05-25,6500,EUR,83.52,PERC,,TWEM,TWEM,TRADEWEB,1,D2C,MTF,DBFTFB,'3605462454710045450
2022-06-06 13:28:25.945000,FR0014007L00,Corporate bond,DIRECTION GENERALE DU TRESOR,0,2032-05-25,1050000,EUR,83.81,PERC,,TWEM,TWEM,TRADEWEB,1,D2C,MTF,DBFTFB,'3605462454710045146
2022-06-03 15:14:14.727000,FR0014007L00,Corporate bond,DIRECTION GENERALE DU TRESOR,0,2032-05-25,200000,EUR,83.649,PERC,,TWEM,TWEM,TRADEWEB,1,D2C,MTF,DBFTFB,'3605459156175163591
2022-06-03 14:55:07.216000,FR0014007L00,Corporate bond,DIRECTION GENERALE DU TRESOR,0,2032-05-25,1200000,EUR,83.726,PERC,,TWEM,TWEM,TRADEWEB,1,D2C,MTF,DBFTFB,'3605459156175163395
2022-06-03 13:14:58.295000,FR0014007L00,Corporate bond,DIRECTION GENERALE DU TRESOR,0,2032-05-25,255000,EUR,83.692,PERC,,TWEM,TWEM,TRADEWEB,1,D2C,MTF,DBFTFB,'3605459156175162633
2022-06-03 12:41:19.100000,FR0014007L00,Corporate bond,DIRECTION GENERALE DU TRESOR,0,2032-05-25,500000,EUR,83.647,PERC,,TWEM,TWEM,TRADEWEB,1,D2C,MTF,DBFTFB,'3605459156175162247
2022-06-03 10:37:10.958000,FR0014007L00,Corporate bond,DIRECTION GENERALE DU TRESOR,0,2032-05-25,273000,EUR,83.758,PERC,,TWEM,TWEM,TRADEWEB,1,D2C,MTF,DBFTFB,'3605459156175161262
2022-06-03 10:15:52.766000,FR0014007L00,Corporate bond,DIRECTION GENERALE DU TRESOR,0,2032-05-25,280000,EUR,83.806,PERC,,TWEM,TWEM,TRADEWEB,1,D2C,MTF,DBFTFB,'3605459156175161060
2022-06-03 09:46:58.851000,FR0014007L00,Corporate bond,DIRECTION GENERALE DU TRESOR,0,2032-05-25,950000,EUR,83.819,PERC,,TWEM,TWEM,TRADEWEB,1,D2C,MTF,DBFTFB,'3605459156175160860
2022-06-02 14:29:53.907000,FR0014007L00,Corporate bond,DIRECTION GENERALE DU TRESOR,0,2032-05-25,2500000,EUR,84.053,PERC,,TWEM,TWEM,TRADEWEB,1,D2C,MTF,DBFTFB,'3605458056663534151
2022-06-02 12:37:15.641000,FR0014007L00,Corporate bond,DIRECTION GENERALE DU TRESOR,0,2032-05-25,73869,EUR,84.347,PERC,,TWEM,TWEM,TRADEWEB,1,D2C,MTF,DBFTFB,'3605458056663533515
2022-06-02 12:29:38.873000,FR0014007L00,Corporate bond,DIRECTION GENERALE DU TRESOR,0,2032-05-25,700000,EUR,84.446,PERC,,TWEM,TWEM,TRADEWEB,1,D2C,MTF,DBFTFB,'3605458056663533468
2022-06-02 12:16:49.514000,FR0014007L00,Corporate bond,DIRECTION GENERALE DU TRESOR,0,2032-05-25,260000,EUR,84.347,PERC,,TWEM,TWEM,TRADEWEB,1,D2C,MTF,DBFTFB,'3605458056663533388
2022-06-02 11:26:45.144000,FR0014007L00,Corporate bond,DIRECTION GENERALE DU TRESOR,0,2032-05-25,1060000,EUR,84.386,PERC,,TWEM,TWEM,TRADEWEB,1,D2C,MTF,DBFTFB,'3605458056663533230
2022-06-02 09:08:01.594000,FR0014007L00,Corporate bond,DIRECTION GENERALE DU TRESOR,0,2032-05-25,1500000,EUR,84.394,PERC,,TWEM,TWEM,TRADEWEB,1,D2C,MTF,DBFTFB,'3605458056663532253
2022-06-02 07:10:45.135000,FR0014007L00,Corporate bond,DIRECTION GENERALE DU TRESOR,0,2032-05-25,1470000,EUR,84.393,PERC,,TWEM,TWEM,TRADEWEB,1,D2C,MTF,DBFTFB,'3605458056663531631
2022-06-01 15:38:33.486000,FR0014007L00,Corporate bond,DIRECTION GENERALE DU TRESOR,0,2032-05-25,98000,EUR,84.559,PERC,,TWEM,TWEM,TRADEWEB,1,D2C,MTF,DBFTFB,'3605456957151910414
2022-06-01 15:08:18.187000,FR0014007L00,Corporate bond,DIRECTION GENERALE DU TRESOR,0,2032-05-25,11000,EUR,84.658,PERC,,TWEM,TWEM,TRADEWEB,1,D2C,MTF,DBFTFB,'3605456957151909777
2022-06-01 14:23:19.729000,FR0014007L00,Corporate bond,DIRECTION GENERALE DU TRESOR,0,2032-05-25,370000,EUR,84.721,PERC,,TWEM,TWEM,TRADEWEB,1,D2C,MTF,DBFTFB,'3605456957151909248
2022-06-01 14:14:26.777000,FR0014007L00,Corporate bond,DIRECTION GENERALE DU TRESOR,0,2032-05-25,935000,EUR,84.725,PERC,,TWEM,TWEM,TRADEWEB,1,D2C,MTF,DBFTFB,'3605456957151909132
2022-06-01 13:42:49.310000,FR0014007L00,Corporate bond,DIRECTION GENERALE DU TRESOR,0,2032-05-25,20000,EUR,85.032,PERC,,TWEM,TWEM,TRADEWEB,1,D2C,MTF,DBFTFB,'3605456957151908662
2022-06-01 13:26:10.014000,FR0014007L00,Corporate bond,DIRECTION GENERALE DU TRESOR,0,2032-05-25,1200000,EUR,85.009,PERC,,TWEM,TWEM,TRADEWEB,1,D2C,MTF,DBFTFB,'3605456957151908495
2022-06-01 13:02:27.218000,FR0014007L00,Corporate bond,DIRECTION GENERALE DU TRESOR,0,2032-05-25,644,EUR,85.116,PERC,,TWEM,TWEM,TRADEWEB,1,D2C,MTF,DBFTFB,'3605456957151908210
2022-06-01 12:50:55.522000,FR0014007L00,Corporate bond,DIRECTION GENERALE DU TRESOR,0,2032-05-25,300000,EUR,84.973,PERC,,TWEM,TWEM,TRADEWEB,1,D2C,MTF,DBFTFB,'3605456957151908007
2022-06-01 12:46:59.243000,FR0014007L00,Corporate bond,DIRECTION GENERALE DU TRESOR,0,2032-05-25,1280000,EUR,84.987,PERC,,TWEM,TWEM,TRADEWEB,1,D2C,MTF,DBFTFB,'3605456957151907949
2022-06-01 10:52:47.666000,FR0014007L00,Corporate bond,DIRECTION GENERALE DU TRESOR,0,2032-05-25,2220073,EUR,85.064,PERC,,TWEM,TWEM,TRADEWEB,1,D2C,MTF,DBFTFB,'3605456957151906968
2022-06-01 10:27:29.828000,FR0014007L00,Corporate bond,DIRECTION GENERALE DU TRESOR,0,2032-05-25,180000,EUR,85.083,PERC,,TWEM,TWEM,TRADEWEB,1,D2C,MTF,DBFTFB,'3605456957151906605
2022-06-01 10:14:01.574000,FR0014007L00,Corporate bond,DIRECTION GENERALE DU TRESOR,0,2032-05-25,787000,EUR,85.087,PERC,,TWEM,TWEM,TRADEWEB,1,D2C,MTF,DBFTFB,'3605456957151906345
2022-06-01 10:13:03.535000,FR0014007L00,Corporate bond,DIRECTION GENERALE DU TRESOR,0,2032-05-25,1000000,EUR,85.083,PERC,,TWEM,TWEM,TRADEWEB,1,D2C,MTF,DBFTFB,'3605456957151906336
2022-06-01 10:08:03.358000,FR0014007L00,Corporate bond,DIRECTION GENERALE DU TRESOR,0,2032-05-25,32000,EUR,85.049,PERC,,TWEM,TWEM,TRADEWEB,1,D2C,MTF,DBFTFB,'3605456957151906308
2022-06-01 09:54:37.882000,FR0014007L00,Corporate bond,DIRECTION GENERALE DU TRESOR,0,2032-05-25,107000,EUR,85.029,PERC,,TWEM,TWEM,TRADEWEB,1,D2C,MTF,DBFTFB,'3605456957151906114
2022-06-01 09:54:19.870000,FR0014007L00,Corporate bond,DIRECTION GENERALE DU TRESOR,0,2032-05-25,350000,EUR,85.035,PERC,,TWEM,TWEM,TRADEWEB,1,D2C,MTF,DBFTFB,'3605456957151906109
2022-06-01 09:48:17.660000,FR0014007L00,Corporate bond,DIRECTION GENERALE DU TRESOR,0,2032-05-25,35000,EUR,85.026,PERC,,TWEM,TWEM,TRADEWEB,1,D2C,MTF,DBFTFB,'3605456957151906013
2022-06-01 09:44:14.304000,FR0014007L00,Corporate bond,DIRECTION GENERALE DU TRESOR,0,2032-05-25,180000,EUR,85.029,PERC,,TWEM,TWEM,TRADEWEB,1,D2C,MTF,DBFTFB,'3605456957151905939
2022-06-01 09:36:04.471000,FR0014007L00,Corporate bond,DIRECTION GENERALE DU TRESOR,0,2032-05-25,66000,EUR,85.068,PERC,,TWEM,TWEM,TRADEWEB,1,D2C,MTF,DBFTFB,'3605456957151905840
2022-06-01 07:27:08.061000,FR0014007L00,Corporate bond,DIRECTION GENERALE DU TRESOR,0,2032-05-25,254843,EUR,84.818,PERC,,TWEM,TWEM,TRADEWEB,1,D2C,MTF,DBFTFB,'3605456957151904035
2022-06-01 07:26:43.041000,FR0014007L00,Corporate bond,DIRECTION GENERALE DU TRESOR,0,2032-05-25,2785455,EUR,84.82,PERC,,TWEM,TWEM,TRADEWEB,1,D2C,MTF,DBFTFB,'3605456957151904017
2022-05-31 15:28:09.122000,FR0014007L00,Corporate bond,DIRECTION GENERALE DU TRESOR,0,2032-05-25,428000,EUR,84.984,PERC,,TWEM,TWEM,TRADEWEB,1,D2C,MTF,DBFTFB,'3605455857640285230
2022-05-31 15:26:38.930000,FR0014007L00,Corporate bond,DIRECTION GENERALE DU TRESOR,0,2032-05-25,593000,EUR,85.011,PERC,,TWEM,TWEM,TRADEWEB,1,D2C,MTF,DBFTFB,'3605455857640285208
2022-05-31 15:25:24.078000,FR0014007L00,Corporate bond,DIRECTION GENERALE DU TRESOR,0,2032-05-25,416000,EUR,84.992,PERC,,TWEM,TWEM,TRADEWEB,1,D2C,MTF,DBFTFB,'3605455857640285114
2022-05-31 15:21:31.140000,FR0014007L00,Corporate bond,DIRECTION GENERALE DU TRESOR,0,2032-05-25,590000,EUR,84.977,PERC,,TWEM,TWEM,TRADEWEB,1,D2C,MTF,DBFTFB,'3605455857640284932
2022-05-31 15:19:21.232000,FR0014007L00,Corporate bond,DIRECTION GENERALE DU TRESOR,0,2032-05-25,878000,EUR,85.018,PERC,,TWEM,TWEM,TRADEWEB,1,D2C,MTF,DBFTFB,'3605455857640284683
2022-05-31 15:17:32.650000,FR0014007L00,Corporate bond,DIRECTION GENERALE DU TRESOR,0,2032-05-25,130000,EUR,85.015,PERC,,TWEM,TWEM,TRADEWEB,1,D2C,MTF,DBFTFB,'3605455857640284307
2022-05-31 15:16:21.802000,FR0014007L00,Corporate bond,DIRECTION GENERALE DU TRESOR,0,2032-05-25,786000,EUR,84.991,PERC,,TWEM,TWEM,TRADEWEB,1,D2C,MTF,DBFTFB,'3605455857640284074
2022-05-31 15:16:01.980000,FR0014007L00,Corporate bond,DIRECTION GENERALE DU TRESOR,0,2032-05-25,1190000,EUR,85.024,PERC,,TWEM,TWEM,TRADEWEB,1,D2C,MTF,DBFTFB,'3605455857640283973
2022-05-31 15:15:50.968000,FR0014007L00,Corporate bond,DIRECTION GENERALE DU TRESOR,0,2032-05-25,300000,EUR,84.999,PERC,,TWEM,TWEM,TRADEWEB,1,D2C,MTF,DBFTFB,'3605455857640283939
2022-05-31 15:15:38.303000,FR0014007L00,Corporate bond,DIRECTION GENERALE DU TRESOR,0,2032-05-25,521000,EUR,85,PERC,,TWEM,TWEM,TRADEWEB,1,D2C,MTF,DBFTFB,'3605455857640283809
2022-05-31 15:15:02.081000,FR0014007L00,Corporate bond,DIRECTION GENERALE DU TRESOR,0,2032-05-25,140000,EUR,84.965,PERC,,TWEM,TWEM,TRADEWEB,1,D2C,MTF,DBFTFB,'3605455857640283006
2022-05-31 15:14:11.583000,FR0014007L00,Corporate bond,DIRECTION GENERALE DU TRESOR,0,2032-05-25,390000,EUR,84.938,PERC,,TWEM,TWEM,TRADEWEB,1,D2C,MTF,DBFTFB,'3605455857640282495
2022-05-31 15:14:06.298000,FR0014007L00,Corporate bond,DIRECTION GENERALE DU TRESOR,0,2032-05-25,1000000,EUR,84.945,PERC,,TWEM,TWEM,TRADEWEB,1,D2C,MTF,DBFTFB,'3605455857640282487
2022-05-31 15:13:36.982000,FR0014007L00,Corporate bond,DIRECTION GENERALE DU TRESOR,0,2032-05-25,1191000,EUR,84.944,PERC,,TWEM,TWEM,TRADEWEB,1,D2C,MTF,DBFTFB,'3605455857640282263
2022-05-31 15:11:37.763000,FR0014007L00,Corporate bond,DIRECTION GENERALE DU TRESOR,0,2032-05-25,259000,EUR,84.963,PERC,,TWEM,TWEM,TRADEWEB,1,D2C,MTF,DBFTFB,'3605455857640281992
2022-05-31 15:08:11.588000,FR0014007L00,Corporate bond,DIRECTION GENERALE DU TRESOR,0,2032-05-25,6000,EUR,84.891,PERC,,TWEM,TWEM,TRADEWEB,1,D2C,MTF,DBFTFB,'3605455857640281799
2022-05-31 15:07:32.538000,FR0014007L00,Corporate bond,DIRECTION GENERALE DU TRESOR,0,2032-05-25,1309000,EUR,84.888,PERC,,TWEM,TWEM,TRADEWEB,1,D2C,MTF,DBFTFB,'3605455857640281744
2022-05-31 15:06:58.403000,FR0014007L00,Corporate bond,DIRECTION GENERALE DU TRESOR,0,2032-05-25,305000,EUR,84.842,PERC,,TWEM,TWEM,TRADEWEB,1,D2C,MTF,DBFTFB,'3605455857640281691
2022-05-31 15:06:44.792000,FR0014007L00,Corporate bond,DIRECTION GENERALE DU TRESOR,0,2032-05-25,100000,EUR,84.827,PERC,,TWEM,TWEM,TRADEWEB,1,D2C,MTF,DBFTFB,'3605455857640281625
2022-05-31 15:05:17.255000,FR0014007L00,Corporate bond,DIRECTION GENERALE DU TRESOR,0,2032-05-25,120000,EUR,84.832,PERC,,TWEM,TWEM,TRADEWEB,1,D2C,MTF,DBFTFB,'3605455857640281554
2022-05-31 15:04:44.553000,FR0014007L00,Corporate bond,DIRECTION GENERALE DU TRESOR,0,2032-05-25,90000,EUR,84.818,PERC,,TWEM,TWEM,TRADEWEB,1,D2C,MTF,DBFTFB,'3605455857640281539
2022-05-31 14:59:48.995000,FR0014007L00,Corporate bond,DIRECTION GENERALE DU TRESOR,0,2032-05-25,104000,EUR,84.983,PERC,,TWEM,TWEM,TRADEWEB,1,D2C,MTF,DBFTFB,'3605455857640281420
2022-05-31 14:31:57.790000,FR0014007L00,Corporate bond,DIRECTION GENERALE DU TRESOR,0,2032-05-25,500000,EUR,84.844,PERC,,TWEM,TWEM,TRADEWEB,1,D2C,MTF,DBFTFB,'3605455857640281059
2022-05-31 14:25:37.731000,FR0014007L00,Corporate bond,DIRECTION GENERALE DU TRESOR,0,2032-05-25,1000000,EUR,84.878,PERC,,TWEM,TWEM,TRADEWEB,1,D2C,MTF,DBFTFB,'3605455857640280919
2022-05-31 14:07:42.689000,FR0014007L00,Corporate bond,DIRECTION GENERALE DU TRESOR,0,2032-05-25,150000,EUR,84.941,PERC,,TWEM,TWEM,TRADEWEB,1,D2C,MTF,DBFTFB,'3605455857640280760
2022-05-31 13:00:04.858000,FR0014007L00,Corporate bond,DIRECTION GENERALE DU TRESOR,0,2032-05-25,1938000,EUR,84.923,PERC,,TWEM,TWEM,TRADEWEB,1,D2C,MTF,DBFTFB,'3605455857640279910
2022-05-31 08:03:03.711000,FR0014007L00,Corporate bond,DIRECTION GENERALE DU TRESOR,0,2032-05-25,500000,EUR,85.779,PERC,,TWEM,TWEM,TRADEWEB,1,D2C,MTF,DBFTFB,'3605455857640276596
2022-05-31 05:03:12.000000,FR0014007L00,Corporate bond,DIRECTION GENERALE DU TRESOR,0,2032-05-25,410023163,EUR,86.403893,PERC,IDAF,TWEM,TWEM,TRADEWEB,16,D2C,MTF,DBFTFB,'7208335559536673259
2022-05-30 15:15:41.478000,FR0014007L00,Corporate bond,DIRECTION GENERALE DU TRESOR,0,2032-05-25,1050000,EUR,85.748,PERC,,TWEM,TWEM,TRADEWEB,1,D2C,MTF,DBFTFB,'3605454758128653484
2022-05-30 15:14:06.651000,FR0014007L00,Corporate bond,DIRECTION GENERALE DU TRESOR,0,2032-05-25,1000000,EUR,85.725,PERC,,TWEM,TWEM,TRADEWEB,1,D2C,MTF,DBFTFB,'3605454758128653251
2022-05-30 15:14:04.061000,FR0014007L00,Corporate bond,DIRECTION GENERALE DU TRESOR,0,2032-05-25,230000,EUR,85.728,PERC,,TWEM,TWEM,TRADEWEB,1,D2C,MTF,DBFTFB,'3605454758128653236
2022-05-30 14:44:12.366000,FR0014007L00,Corporate bond,DIRECTION GENERALE DU TRESOR,0,2032-05-25,1785,EUR,85.637,PERC,,TWEM,TWEM,TRADEWEB,1,D2C,MTF,DBFTFB,'3605454758128653043
2022-05-27 14:16:39.887000,FR0014007L00,Corporate bond,DIRECTION GENERALE DU TRESOR,0,2032-05-25,250000,EUR,86.533,PERC,,TWEM,TWEM,TRADEWEB,1,D2C,MTF,DBFTFB,'3605451459593769181
2022-05-27 11:52:50.328000,FR0014007L00,Corporate bond,DIRECTION GENERALE DU TRESOR,0,2032-05-25,750000,EUR,86.596,PERC,,TWEM,TWEM,TRADEWEB,1,D2C,MTF,DBFTFB,'3605451459593767690
2022-05-27 10:08:11.711000,FR0014007L00,Corporate bond,DIRECTION GENERALE DU TRESOR,0,2032-05-25,2100,EUR,86.351,PERC,,TWEM,TWEM,TRADEWEB,1,D2C,MTF,DBFTFB,'3605451459593766990
2022-05-26 14:39:23.420000,FR0014007L00,Corporate bond,DIRECTION GENERALE DU TRESOR,0,2032-05-25,1100000,EUR,86.143,PERC,,TWEM,TWEM,TRADEWEB,1,D2C,MTF,DBFTFB,'3605450360082139796
2022-05-26 08:02:51.567000,FR0014007L00,Corporate bond,DIRECTION GENERALE DU TRESOR,0,2032-05-25,1000000,EUR,86.971,PERC,,TWEM,TWEM,TRADEWEB,1,D2C,MTF,DBFTFB,'3605450360082137334
2022-05-25 15:32:03.312000,FR0014007L00,Corporate bond,DIRECTION GENERALE DU TRESOR,0,2032-05-25,38000,EUR,86.364,PERC,,TWEM,TWEM,TRADEWEB,1,D2C,MTF,DBFTFB,'3605449260570515342
2022-05-25 15:13:29.087000,FR0014007L00,Corporate bond,DIRECTION GENERALE DU TRESOR,0,2032-05-25,100000,EUR,86.378,PERC,,TWEM,TWEM,TRADEWEB,1,D2C,MTF,DBFTFB,'3605449260570515016
2022-05-25 14:17:05.419000,FR0014007L00,Corporate bond,DIRECTION GENERALE DU TRESOR,0,2032-05-25,39584,EUR,86.35,PERC,,TWEM,TWEM,TRADEWEB,1,D2C,MTF,DBFTFB,'3605449260570514309
2022-05-25 13:43:45.954000,FR0014007L00,Corporate bond,DIRECTION GENERALE DU TRESOR,0,2032-05-25,400000,EUR,86.408,PERC,,TWEM,TWEM,TRADEWEB,1,D2C,MTF,DBFTFB,'3605449260570513905
2022-05-25 13:00:59.159000,FR0014007L00,Corporate bond,DIRECTION GENERALE DU TRESOR,0,2032-05-25,12151,EUR,86.478,PERC,,TWEM,TWEM,TRADEWEB,1,D2C,MTF,DBFTFB,'3605449260570513429
2022-05-25 12:33:39.844000,FR0014007L00,Corporate bond,DIRECTION GENERALE DU TRESOR,0,2032-05-25,67000,EUR,86.696,PERC,,TWEM,TWEM,TRADEWEB,1,D2C,MTF,DBFTFB,'3605449260570513095
2022-05-25 12:26:45.983000,FR0014007L00,Corporate bond,DIRECTION GENERALE DU TRESOR,0,2032-05-25,246000,EUR,86.641,PERC,,TWEM,TWEM,TRADEWEB,1,D2C,MTF,DBFTFB,'3605449260570513052
2022-05-25 12:25:21.544000,FR0014007L00,Corporate bond,DIRECTION GENERALE DU TRESOR,0,2032-05-25,106000,EUR,86.633,PERC,,TWEM,TWEM,TRADEWEB,1,D2C,MTF,DBFTFB,'3605449260570513010
2022-05-25 12:01:30.687000,FR0014007L00,Corporate bond,DIRECTION GENERALE DU TRESOR,0,2032-05-25,700000,EUR,86.624,PERC,,TWEM,TWEM,TRADEWEB,1,D2C,MTF,DBFTFB,'3605449260570512801
2022-05-25 11:38:32.999000,FR0014007L00,Corporate bond,DIRECTION GENERALE DU TRESOR,0,2032-05-25,15542,EUR,86.577,PERC,,TWEM,TWEM,TRADEWEB,1,D2C,MTF,DBFTFB,'3605449260570512720
2022-05-25 11:25:10.311000,FR0014007L00,Corporate bond,DIRECTION GENERALE DU TRESOR,0,2032-05-25,67563,EUR,86.595,PERC,,TWEM,TWEM,TRADEWEB,1,D2C,MTF,DBFTFB,'3605449260570512521
2022-05-25 10:49:56.534000,FR0014007L00,Corporate bond,DIRECTION GENERALE DU TRESOR,0,2032-05-25,182000,EUR,86.474,PERC,,TWEM,TWEM,TRADEWEB,1,D2C,MTF,DBFTFB,'3605449260570512093
2022-05-25 10:46:35.367000,FR0014007L00,Corporate bond,DIRECTION GENERALE DU TRESOR,0,2032-05-25,205000,EUR,86.479,PERC,,TWEM,TWEM,TRADEWEB,1,D2C,MTF,DBFTFB,'3605449260570512074
2022-05-25 10:15:31.816000,FR0014007L00,Corporate bond,DIRECTION GENERALE DU TRESOR,0,2032-05-25,1845000,EUR,86.409,PERC,,TWEM,TWEM,TRADEWEB,1,D2C,MTF,DBFTFB,'3605449260570511817
2022-05-25 09:41:36.846000,FR0014007L00,Corporate bond,DIRECTION GENERALE DU TRESOR,0,2032-05-25,65000,EUR,86.523,PERC,,TWEM,TWEM,TRADEWEB,1,D2C,MTF,DBFTFB,'3605449260570511486
2022-05-25 09:41:04.774000,FR0014007L00,Corporate bond,DIRECTION GENERALE DU TRESOR,0,2032-05-25,25000,EUR,86.529,PERC,,TWEM,TWEM,TRADEWEB,1,D2C,MTF,DBFTFB,'3605449260570511481
2022-05-25 09:40:38.924000,FR0014007L00,Corporate bond,DIRECTION GENERALE DU TRESOR,0,2032-05-25,114000,EUR,86.508,PERC,TPAC,TWEM,TWEM,TRADEWEB,1,D2C,MTF,DBFTFB,'3605449260570511471
2022-05-25 09:38:39.828000,FR0014007L00,Corporate bond,DIRECTION GENERALE DU TRESOR,0,2032-05-25,105000,EUR,86.496,PERC,TPAC,TWEM,TWEM,TRADEWEB,1,D2C,MTF,DBFTFB,'3605449260570511454
2022-05-25 09:12:23.263000,FR0014007L00,Corporate bond,DIRECTION GENERALE DU TRESOR,0,2032-05-25,15000000,EUR,86.451,PERC,FULV SIZE TPAC,TWEM,TWEM,TRADEWEB,1,D2C,MTF,DBFTFB,'7208361947815739486
2022-05-25 09:12:23.263000,FR0014007L00,Corporate bond,DIRECTION GENERALE DU TRESOR,0,2032-05-25,,EUR,86.451,PERC,TPAC VOLO,TWEM,TWEM,TRADEWEB,1,D2C,MTF,DBFTFB,'7208331161490162030
2022-05-25 09:04:28.210000,FR0014007L00,Corporate bond,DIRECTION GENERALE DU TRESOR,0,2032-05-25,1325895,EUR,86.373,PERC,,TWEM,TWEM,TRADEWEB,1,D2C,MTF,DBFTFB,'3605449260570511010
2022-05-25 08:58:59.123000,FR0014007L00,Corporate bond,DIRECTION GENERALE DU TRESOR,0,2032-05-25,850000,EUR,86.348,PERC,,TWEM,TWEM,TRADEWEB,1,D2C,MTF,DBFTFB,'3605449260570510961
2022-05-24 15:34:24.316000,FR0014007L00,Corporate bond,DIRECTION GENERALE DU TRESOR,0,2032-05-25,49000,EUR,86.36,PERC,,TWEM,TWEM,TRADEWEB,1,D2C,MTF,DBFTFB,'3605448161058887037
2022-05-24 15:14:03.751000,FR0014007L00,Corporate bond,DIRECTION GENERALE DU TRESOR,0,2032-05-25,100000,EUR,86.353,PERC,,TWEM,TWEM,TRADEWEB,1,D2C,MTF,DBFTFB,'3605448161058886705
2022-05-24 13:16:51.727000,FR0014007L00,Corporate bond,DIRECTION GENERALE DU TRESOR,0,2032-05-25,6000,EUR,85.831,PERC,,TWEM,TWEM,TRADEWEB,1,D2C,MTF,DBFTFB,'3605448161058885326
2022-05-24 08:48:43.882000,FR0014007L00,Corporate bond,DIRECTION GENERALE DU TRESOR,0,2032-05-25,10000,EUR,86.102,PERC,,TWEM,TWEM,TRADEWEB,1,D2C,MTF,DBFTFB,'3605448161058882863
2022-05-24 05:03:45.000000,FR0014007L00,Corporate bond,DIRECTION GENERALE DU TRESOR,0,2032-05-25,132343000,EUR,86.046002,PERC,IDAF,TWEM,TWEM,TRADEWEB,19,D2C,MTF,DBFTFB,'7208327862955278885
2022-05-23 15:49:41.307000,FR0014007L00,Corporate bond,DIRECTION GENERALE DU TRESOR,0,2032-05-25,646000,EUR,85.872,PERC,,TWEM,TWEM,TRADEWEB,1,D2C,MTF,DBFTFB,'3605447061547259400
2022-05-23 14:50:13.139000,FR0014007L00,Corporate bond,DIRECTION GENERALE DU TRESOR,0,2032-05-25,200000,EUR,86.084,PERC,,TWEM,TWEM,TRADEWEB,1,D2C,MTF,DBFTFB,'3605447061547258638
2022-05-23 13:39:47.567000,FR0014007L00,Corporate bond,DIRECTION GENERALE DU TRESOR,0,2032-05-25,500000,EUR,86.278,PERC,,TWEM,TWEM,TRADEWEB,1,D2C,MTF,DBFTFB,'3605447061547257952
2022-05-23 08:04:48.841000,FR0014007L00,Corporate bond,DIRECTION GENERALE DU TRESOR,0,2032-05-25,130000,EUR,86.501,PERC,,TWEM,TWEM,TRADEWEB,1,D2C,MTF,DBFTFB,'3605447061547254331
2022-05-20 15:24:37.080000,FR0014007L00,Corporate bond,DIRECTION GENERALE DU TRESOR,0,2032-05-25,23000,EUR,86.446,PERC,,TWEM,TWEM,TRADEWEB,1,D2C,MTF,DBFTFB,'3605443763012376018
2022-05-20 15:15:08.463000,FR0014007L00,Corporate bond,DIRECTION GENERALE DU TRESOR,0,2032-05-25,25000,EUR,86.452,PERC,,TWEM,TWEM,TRADEWEB,1,D2C,MTF,DBFTFB,'3605443763012375850
2022-05-20 13:37:03.977000,FR0014007L00,Corporate bond,DIRECTION GENERALE DU TRESOR,0,2032-05-25,93000,EUR,86.357,PERC,,TWEM,TWEM,TRADEWEB,1,D2C,MTF,DBFTFB,'3605443763012374678
2022-05-20 10:43:30.376000,FR0014007L00,Corporate bond,DIRECTION GENERALE DU TRESOR,0,2032-05-25,26000,EUR,86.208,PERC,,TWEM,TWEM,TRADEWEB,1,D2C,MTF,DBFTFB,'3605443763012373430
2022-05-20 09:30:17.446000,FR0014007L00,Corporate bond,DIRECTION GENERALE DU TRESOR,0,2032-05-25,345000,EUR,86.202,PERC,,TWEM,TWEM,TRADEWEB,1,D2C,MTF,DBFTFB,'3605443763012372330
2022-05-20 07:12:16.401000,FR0014007L00,Corporate bond,DIRECTION GENERALE DU TRESOR,0,2032-05-25,82000,EUR,86.283,PERC,,TWEM,TWEM,TRADEWEB,1,D2C,MTF,DBFTFB,'3605443763012370632
2022-05-19 15:14:06.102000,FR0014007L00,Corporate bond,DIRECTION GENERALE DU TRESOR,0,2032-05-25,150000,EUR,86.577,PERC,,TWEM,TWEM,TRADEWEB,1,D2C,MTF,DBFTFB,'3605442663500747988
2022-05-19 14:33:16.058000,FR0014007L00,Corporate bond,DIRECTION GENERALE DU TRESOR,0,2032-05-25,1000000,EUR,86.542,PERC,,TWEM,TWEM,TRADEWEB,1,D2C,MTF,DBFTFB,'3605442663500747460
2022-05-19 13:40:47.257000,FR0014007L00,Corporate bond,DIRECTION GENERALE DU TRESOR,0,2032-05-25,,EUR,86.606,PERC,TPAC VOLO,TWEM,TWEM,TRADEWEB,1,D2C,MTF,DBFTFB,'7208326763443651125
2022-05-19 13:40:47.257000,FR0014007L00,Corporate bond,DIRECTION GENERALE DU TRESOR,0,2032-05-25,15000000,EUR,86.606,PERC,FULV SIZE TPAC,TWEM,TWEM,TRADEWEB,1,D2C,MTF,DBFTFB,'7208357549769228488
2022-05-19 10:51:49.840000,FR0014007L00,Corporate bond,DIRECTION GENERALE DU TRESOR,0,2032-05-25,14900,EUR,86.631,PERC,,TWEM,TWEM,TRADEWEB,1,D2C,MTF,DBFTFB,'3605442663500745597
2022-05-19 08:00:04.524000,FR0014007L00,Corporate bond,DIRECTION GENERALE DU TRESOR,0,2032-05-25,1668000,EUR,86.536,PERC,,TWEM,TWEM,TRADEWEB,1,D2C,MTF,DBFTFB,'3605442663500743410
2022-05-18 15:14:08.386000,FR0014007L00,Corporate bond,DIRECTION GENERALE DU TRESOR,0,2032-05-25,20000,EUR,86.065,PERC,,TWEM,TWEM,TRADEWEB,1,D2C,MTF,DBFTFB,'3605441563989119867
2022-05-18 15:14:03.038000,FR0014007L00,Corporate bond,DIRECTION GENERALE DU TRESOR,0,2032-05-25,350000,EUR,86.063,PERC,,TWEM,TWEM,TRADEWEB,1,D2C,MTF,DBFTFB,'3605441563989119828
2022-05-18 10:03:59.505000,FR0014007L00,Corporate bond,DIRECTION GENERALE DU TRESOR,0,2032-05-25,400000,EUR,85.819,PERC,,TWEM,TWEM,TRADEWEB,1,D2C,MTF,DBFTFB,'3605441563989116901
2022-05-18 08:03:44.872000,FR0014007L00,Corporate bond,DIRECTION GENERALE DU TRESOR,0,2032-05-25,400000,EUR,85.722,PERC,,TWEM,TWEM,TRADEWEB,1,D2C,MTF,DBFTFB,'3605441563989115562
2022-05-17 15:13:06.821000,FR0014007L00,Corporate bond,DIRECTION GENERALE DU TRESOR,0,2032-05-25,160000,EUR,85.726,PERC,,TWEM,TWEM,TRADEWEB,1,D2C,MTF,DBFTFB,'3605440464477492483
2022-05-17 15:12:56.882000,FR0014007L00,Corporate bond,DIRECTION GENERALE DU TRESOR,0,2032-05-25,135000,EUR,85.715,PERC,,TWEM,TWEM,TRADEWEB,1,D2C,MTF,DBFTFB,'3605440464477492474
2022-05-17 13:39:43.630000,FR0014007L00,Corporate bond,DIRECTION GENERALE DU TRESOR,0,2032-05-25,,EUR,85.735,PERC,TPAC VOLO,TWEM,TWEM,TRADEWEB,1,D2C,MTF,DBFTFB,'7208322365397139933
2022-05-17 13:39:43.630000,FR0014007L00,Corporate bond,DIRECTION GENERALE DU TRESOR,0,2032-05-25,30000000,EUR,85.735,PERC,FULV SIZE TPAC,TWEM,TWEM,TRADEWEB,1,D2C,MTF,DBFTFB,'7208353151722717464
2022-05-17 13:27:26.509000,FR0014007L00,Corporate bond,DIRECTION GENERALE DU TRESOR,0,2032-05-25,1000,EUR,85.711,PERC,,TWEM,TWEM,TRADEWEB,1,D2C,MTF,DBFTFB,'3605440464477491012
2022-05-17 10:07:54.080000,FR0014007L00,Corporate bond,DIRECTION GENERALE DU TRESOR,0,2032-05-25,1200000,EUR,86.209,PERC,,TWEM,TWEM,TRADEWEB,1,D2C,MTF,DBFTFB,'3605440464477489044
2022-05-17 10:00:56.618000,FR0014007L00,Corporate bond,DIRECTION GENERALE DU TRESOR,0,2032-05-25,300000,EUR,86.237,PERC,,TWEM,TWEM,TRADEWEB,1,D2C,MTF,DBFTFB,'3605440464477488956
2022-05-17 05:03:34.000000,FR0014007L00,Corporate bond,DIRECTION GENERALE DU TRESOR,0,2032-05-25,27284000,EUR,86.051815,PERC,IDAF,TWEM,TWEM,TRADEWEB,6,D2C,MTF,DBFTFB,'7208320166373884667
2022-05-16 12:17:09.484000,FR0014007L00,Corporate bond,DIRECTION GENERALE DU TRESOR,0,2032-05-25,267,EUR,85.977,PERC,,TWEM,TWEM,TRADEWEB,1,D2C,MTF,DBFTFB,'3605439364965862555
2022-05-16 12:15:50.052000,FR0014007L00,Corporate bond,DIRECTION GENERALE DU TRESOR,0,2032-05-25,200000,EUR,85.99,PERC,,TWEM,TWEM,TRADEWEB,1,D2C,MTF,DBFTFB,'3605439364965862541
2022-05-16 11:03:21.395000,FR0014007L00,Corporate bond,DIRECTION GENERALE DU TRESOR,0,2032-05-25,25000,EUR,86.103,PERC,,TWEM,TWEM,TRADEWEB,1,D2C,MTF,DBFTFB,'3605439364965862218
2022-05-16 10:46:58.901000,FR0014007L00,Corporate bond,DIRECTION GENERALE DU TRESOR,0,2032-05-25,25000,EUR,86.035,PERC,,TWEM,TWEM,TRADEWEB,1,D2C,MTF,DBFTFB,'3605439364965862077
2022-05-16 09:56:01.578000,FR0014007L00,Corporate bond,DIRECTION GENERALE DU TRESOR,0,2032-05-25,16674,EUR,86.046,PERC,,TWEM,TWEM,TRADEWEB,1,D2C,MTF,DBFTFB,'3605439364965861340
2022-05-16 09:53:43.910000,FR0014007L00,Corporate bond,DIRECTION GENERALE DU TRESOR,0,2032-05-25,14450000,EUR,86.041,PERC,FULV SIZE TPAC,TWEM,TWEM,TRADEWEB,1,D2C,MTF,DBFTFB,'7208352052211089488
2022-05-16 09:53:43.910000,FR0014007L00,Corporate bond,DIRECTION GENERALE DU TRESOR,0,2032-05-25,,EUR,86.041,PERC,TPAC VOLO,TWEM,TWEM,TRADEWEB,1,D2C,MTF,DBFTFB,'7208321265885511754
2022-05-16 09:16:00.747000,FR0014007L00,Corporate bond,DIRECTION GENERALE DU TRESOR,0,2032-05-25,85000,EUR,86.134,PERC,,TWEM,TWEM,TRADEWEB,1,D2C,MTF,DBFTFB,'3605439364965860811
2022-05-13 15:49:28.580000,FR0014007L00,Corporate bond,DIRECTION GENERALE DU TRESOR,0,2032-05-25,166000,EUR,86.555,PERC,,TWEM,TWEM,TRADEWEB,1,D2C,MTF,DBFTFB,'3605436066430981964
2022-05-13 15:15:14.251000,FR0014007L00,Corporate bond,DIRECTION GENERALE DU TRESOR,0,2032-05-25,480000,EUR,86.417,PERC,,TWEM,TWEM,TRADEWEB,1,D2C,MTF,DBFTFB,'3605436066430981625
2022-05-13 15:13:56.182000,FR0014007L00,Corporate bond,DIRECTION GENERALE DU TRESOR,0,2032-05-25,40000,EUR,86.416,PERC,,TWEM,TWEM,TRADEWEB,1,D2C,MTF,DBFTFB,'3605436066430981344
2022-05-13 14:25:31.590000,FR0014007L00,Corporate bond,DIRECTION GENERALE DU TRESOR,0,2032-05-25,300000,EUR,86.399,PERC,,TWEM,TWEM,TRADEWEB,1,D2C,MTF,DBFTFB,'3605436066430980799
2022-05-13 09:46:47.206000,FR0014007L00,Corporate bond,DIRECTION GENERALE DU TRESOR,0,2032-05-25,15000,EUR,86.983,PERC,,TWEM,TWEM,TRADEWEB,1,D2C,MTF,DBFTFB,'3605436066430977910
2022-05-13 08:29:39.471000,FR0014007L00,Corporate bond,DIRECTION GENERALE DU TRESOR,0,2032-05-25,350000,EUR,86.791,PERC,,TWEM,TWEM,TRADEWEB,1,D2C,MTF,DBFTFB,'3605436066430976943
2022-05-13 08:00:04.712000,FR0014007L00,Corporate bond,DIRECTION GENERALE DU TRESOR,0,2032-05-25,1215000,EUR,86.667,PERC,,TWEM,TWEM,TRADEWEB,1,D2C,MTF,DBFTFB,'3605436066430976595
2022-05-13 07:18:51.543000,FR0014007L00,Corporate bond,DIRECTION GENERALE DU TRESOR,0,2032-05-25,600000,EUR,87.068,PERC,,TWEM,TWEM,TRADEWEB,1,D2C,MTF,DBFTFB,'3605436066430976187
2022-05-12 16:01:27.391000,FR0014007L00,Corporate bond,DIRECTION GENERALE DU TRESOR,0,2032-05-25,106000,EUR,87.343,PERC,,TWEM,TWEM,TRADEWEB,1,D2C,MTF,DBFTFB,'3605434966919354795
2022-05-12 15:53:54.150000,FR0014007L00,Corporate bond,DIRECTION GENERALE DU TRESOR,0,2032-05-25,106000,EUR,87.284,PERC,,TWEM,TWEM,TRADEWEB,1,D2C,MTF,DBFTFB,'3605434966919354719
2022-05-12 13:59:34.537000,FR0014007L00,Corporate bond,DIRECTION GENERALE DU TRESOR,0,2032-05-25,69000,EUR,87.063,PERC,,TWEM,TWEM,TRADEWEB,1,D2C,MTF,DBFTFB,'3605434966919353332
2022-05-12 11:24:31.601000,FR0014007L00,Corporate bond,DIRECTION GENERALE DU TRESOR,0,2032-05-25,199000,EUR,87.023,PERC,,TWEM,TWEM,TRADEWEB,1,D2C,MTF,DBFTFB,'3605434966919351262
2022-05-12 08:11:54.140000,FR0014007L00,Corporate bond,DIRECTION GENERALE DU TRESOR,0,2032-05-25,700000,EUR,87.054,PERC,,TWEM,TWEM,TRADEWEB,1,D2C,MTF,DBFTFB,'3605434966919349058
2022-05-12 07:04:55.589000,FR0014007L00,Corporate bond,DIRECTION GENERALE DU TRESOR,0,2032-05-25,1600000,EUR,86.891,PERC,,TWEM,TWEM,TRADEWEB,1,D2C,MTF,DBFTFB,'3605434966919348313
2022-05-12 06:40:12.825000,FR0014007L00,Corporate bond,DIRECTION GENERALE DU TRESOR,0,2032-05-25,18000,EUR,86.682,PERC,,TWEM,TWEM,TRADEWEB,1,D2C,MTF,DBFTFB,'3605434966919348228
2022-05-11 15:47:53.882000,FR0014007L00,Corporate bond,DIRECTION GENERALE DU TRESOR,0,2032-05-25,248000,EUR,86.114,PERC,,TWEM,TWEM,TRADEWEB,1,D2C,MTF,DBFTFB,'3605433867407726960
2022-05-11 15:15:03.972000,FR0014007L00,Corporate bond,DIRECTION GENERALE DU TRESOR,0,2032-05-25,113000,EUR,85.875,PERC,,TWEM,TWEM,TRADEWEB,1,D2C,MTF,DBFTFB,'3605433867407726724
2022-05-11 15:14:15.869000,FR0014007L00,Corporate bond,DIRECTION GENERALE DU TRESOR,0,2032-05-25,245000,EUR,85.842,PERC,,TWEM,TWEM,TRADEWEB,1,D2C,MTF,DBFTFB,'3605433867407726645
2022-05-11 15:14:04.505000,FR0014007L00,Corporate bond,DIRECTION GENERALE DU TRESOR,0,2032-05-25,300000,EUR,85.818,PERC,,TWEM,TWEM,TRADEWEB,1,D2C,MTF,DBFTFB,'3605433867407726625
2022-05-11 14:31:28.308000,FR0014007L00,Corporate bond,DIRECTION GENERALE DU TRESOR,0,2032-05-25,101000,EUR,85.57,PERC,,TWEM,TWEM,TRADEWEB,1,D2C,MTF,DBFTFB,'3605433867407725970
2022-05-11 09:25:08.466000,FR0014007L00,Corporate bond,DIRECTION GENERALE DU TRESOR,0,2032-05-25,975000,EUR,86.268,PERC,,TWEM,TWEM,TRADEWEB,1,D2C,MTF,DBFTFB,'3605433867407722265
2022-05-11 09:15:02.616000,FR0014007L00,Corporate bond,DIRECTION GENERALE DU TRESOR,0,2032-05-25,290000,EUR,86.288,PERC,,TWEM,TWEM,TRADEWEB,1,D2C,MTF,DBFTFB,'3605433867407722161
2022-05-10 15:39:37.494000,FR0014007L00,Corporate bond,DIRECTION GENERALE DU TRESOR,0,2032-05-25,778000,EUR,85.773,PERC,,TWEM,TWEM,TRADEWEB,1,D2C,MTF,DBFTFB,'3605432767896099615
2022-05-10 15:15:48.037000,FR0014007L00,Corporate bond,DIRECTION GENERALE DU TRESOR,0,2032-05-25,5000,EUR,85.808,PERC,,TWEM,TWEM,TRADEWEB,1,D2C,MTF,DBFTFB,'3605432767896099389
2022-05-10 15:14:20.054000,FR0014007L00,Corporate bond,DIRECTION GENERALE DU TRESOR,0,2032-05-25,200000,EUR,85.721,PERC,,TWEM,TWEM,TRADEWEB,1,D2C,MTF,DBFTFB,'3605432767896099167
2022-05-10 13:57:20.257000,FR0014007L00,Corporate bond,DIRECTION GENERALE DU TRESOR,0,2032-05-25,37731,EUR,85.782,PERC,,TWEM,TWEM,TRADEWEB,1,D2C,MTF,DBFTFB,'3605432767896097948
2022-05-10 13:00:04.984000,FR0014007L00,Corporate bond,DIRECTION GENERALE DU TRESOR,0,2032-05-25,1812000,EUR,85.978,PERC,,TWEM,TWEM,TRADEWEB,1,D2C,MTF,DBFTFB,'3605432767896096964
2022-05-10 12:33:59.319000,FR0014007L00,Corporate bond,DIRECTION GENERALE DU TRESOR,0,2032-05-25,300000,EUR,85.653,PERC,,TWEM,TWEM,TRADEWEB,1,D2C,MTF,DBFTFB,'3605432767896096594
2022-05-10 11:48:33.990000,FR0014007L00,Corporate bond,DIRECTION GENERALE DU TRESOR,0,2032-05-25,1901,EUR,85.554,PERC,,TWEM,TWEM,TRADEWEB,1,D2C,MTF,DBFTFB,'3605432767896095904
2022-05-10 08:30:03.667000,FR0014007L00,Corporate bond,DIRECTION GENERALE DU TRESOR,0,2032-05-25,1291000,EUR,85.284,PERC,,TWEM,TWEM,TRADEWEB,1,D2C,MTF,DBFTFB,'3605432767896093846
2022-05-10 05:03:45.000000,FR0014007L00,Corporate bond,DIRECTION GENERALE DU TRESOR,0,2032-05-25,205699000,EUR,86.365887,PERC,IDAF,TWEM,TWEM,TRADEWEB,11,D2C,MTF,DBFTFB,'7208312469792490063
2022-05-09 15:14:30.936000,FR0014007L00,Corporate bond,DIRECTION GENERALE DU TRESOR,0,2032-05-25,650000,EUR,85.012,PERC,,TWEM,TWEM,TRADEWEB,1,D2C,MTF,DBFTFB,'3605431668384471309
2022-05-09 14:09:12.012000,FR0014007L00,Corporate bond,DIRECTION GENERALE DU TRESOR,0,2032-05-25,1000000,EUR,84.903,PERC,,TWEM,TWEM,TRADEWEB,1,D2C,MTF,DBFTFB,'3605431668384470363
2022-05-09 13:54:05.637000,FR0014007L00,Corporate bond,DIRECTION GENERALE DU TRESOR,0,2032-05-25,10000000,EUR,84.813,PERC,FULV SIZE TPAC,TWEM,TWEM,TRADEWEB,1,D2C,MTF,DBFTFB,'7208344355629695301
2022-05-09 13:54:05.637000,FR0014007L00,Corporate bond,DIRECTION GENERALE DU TRESOR,0,2032-05-25,,EUR,84.813,PERC,TPAC VOLO,TWEM,TWEM,TRADEWEB,1,D2C,MTF,DBFTFB,'7208313569304119059
2022-05-09 13:52:21.131000,FR0014007L00,Corporate bond,DIRECTION GENERALE DU TRESOR,0,2032-05-25,28000,EUR,84.775,PERC,,TWEM,TWEM,TRADEWEB,1,D2C,MTF,DBFTFB,'3605431668384470151
2022-05-09 13:14:49.530000,FR0014007L00,Corporate bond,DIRECTION GENERALE DU TRESOR,0,2032-05-25,144000,EUR,84.694,PERC,,TWEM,TWEM,TRADEWEB,1,D2C,MTF,DBFTFB,'3605431668384469570
2022-05-06 15:51:09.686000,FR0014007L00,Corporate bond,DIRECTION GENERALE DU TRESOR,0,2032-05-25,148000,EUR,84.768,PERC,,TWEM,TWEM,TRADEWEB,1,D2C,MTF,DBFTFB,'3605428369849595691
2022-05-06 15:15:10.572000,FR0014007L00,Corporate bond,DIRECTION GENERALE DU TRESOR,0,2032-05-25,249000,EUR,84.626,PERC,,TWEM,TWEM,TRADEWEB,1,D2C,MTF,DBFTFB,'3605428369849595058
2022-05-06 15:14:09.987000,FR0014007L00,Corporate bond,DIRECTION GENERALE DU TRESOR,0,2032-05-25,410000,EUR,84.661,PERC,,TWEM,TWEM,TRADEWEB,1,D2C,MTF,DBFTFB,'3605428369849594801
2022-05-06 11:00:04.106000,FR0014007L00,Corporate bond,DIRECTION GENERALE DU TRESOR,0,2032-05-25,1896000,EUR,85.318,PERC,,TWEM,TWEM,TRADEWEB,1,D2C,MTF,DBFTFB,'3605428369849588782
2022-05-06 08:48:51.334000,FR0014007L00,Corporate bond,DIRECTION GENERALE DU TRESOR,0,2032-05-25,840,EUR,85.414,PERC,,TWEM,TWEM,TRADEWEB,1,D2C,MTF,DBFTFB,'3605428369849585326
2022-05-05 15:13:13.645000,FR0014007L00,Corporate bond,DIRECTION GENERALE DU TRESOR,0,2032-05-25,500000,EUR,85.669,PERC,,TWEM,TWEM,TRADEWEB,1,D2C,MTF,DBFTFB,'3605427270337958656
2022-05-05 15:13:07.135000,FR0014007L00,Corporate bond,DIRECTION GENERALE DU TRESOR,0,2032-05-25,240000,EUR,85.665,PERC,,TWEM,TWEM,TRADEWEB,1,D2C,MTF,DBFTFB,'3605427270337958636
2022-05-05 13:25:02.812000,FR0014007L00,Corporate bond,DIRECTION GENERALE DU TRESOR,0,2032-05-25,123000,EUR,86.248,PERC,,TWEM,TWEM,TRADEWEB,1,D2C,MTF,DBFTFB,'3605427270337957447
2022-05-05 09:54:17.665000,FR0014007L00,Corporate bond,DIRECTION GENERALE DU TRESOR,0,2032-05-25,4000,EUR,86.022,PERC,,TWEM,TWEM,TRADEWEB,1,D2C,MTF,DBFTFB,'3605427270337955751
2022-05-05 09:44:27.337000,FR0014007L00,Corporate bond,DIRECTION GENERALE DU TRESOR,0,2032-05-25,286600,EUR,86.025,PERC,,TWEM,TWEM,TRADEWEB,1,D2C,MTF,DBFTFB,'3605427270337955609
2022-05-05 09:39:35.165000,FR0014007L00,Corporate bond,DIRECTION GENERALE DU TRESOR,0,2032-05-25,55200,EUR,86.01,PERC,,TWEM,TWEM,TRADEWEB,1,D2C,MTF,DBFTFB,'3605427270337955539
2022-05-05 07:09:18.682000,FR0014007L00,Corporate bond,DIRECTION GENERALE DU TRESOR,0,2032-05-25,54000,EUR,86.037,PERC,,TWEM,TWEM,TRADEWEB,1,D2C,MTF,DBFTFB,'3605427270337953916
2022-05-04 15:40:34.878000,FR0014007L00,Corporate bond,DIRECTION GENERALE DU TRESOR,0,2032-05-25,170000,EUR,86.087,PERC,,TWEM,TWEM,TRADEWEB,1,D2C,MTF,DBFTFB,'3605426170826331004
2022-05-04 13:54:14.304000,FR0014007L00,Corporate bond,DIRECTION GENERALE DU TRESOR,0,2032-05-25,450000,EUR,85.845,PERC,,TWEM,TWEM,TRADEWEB,1,D2C,MTF,DBFTFB,'3605426170826329708
2022-05-04 13:24:09.774000,FR0014007L00,Corporate bond,DIRECTION GENERALE DU TRESOR,0,2032-05-25,460000,EUR,86.02,PERC,,TWEM,TWEM,TRADEWEB,1,D2C,MTF,DBFTFB,'3605426170826329479
2022-05-04 11:52:58.148000,FR0014007L00,Corporate bond,DIRECTION GENERALE DU TRESOR,0,2032-05-25,25000,EUR,86.131,PERC,,TWEM,TWEM,TRADEWEB,1,D2C,MTF,DBFTFB,'3605426170826328742
2022-05-04 10:45:10.864000,FR0014007L00,Corporate bond,DIRECTION GENERALE DU TRESOR,0,2032-05-25,50000,EUR,86.172,PERC,,TWEM,TWEM,TRADEWEB,1,D2C,MTF,DBFTFB,'3605426170826328135
2022-05-03 15:16:16.192000,FR0014007L00,Corporate bond,DIRECTION GENERALE DU TRESOR,0,2032-05-25,981000,EUR,86.454,PERC,,TWEM,TWEM,TRADEWEB,1,D2C,MTF,DBFTFB,'3605425071314703559
2022-05-03 15:14:01.927000,FR0014007L00,Corporate bond,DIRECTION GENERALE DU TRESOR,0,2032-05-25,100000,EUR,86.449,PERC,,TWEM,TWEM,TRADEWEB,1,D2C,MTF,DBFTFB,'3605425071314703277
2022-05-03 15:04:18.731000,FR0014007L00,Corporate bond,DIRECTION GENERALE DU TRESOR,0,2032-05-25,640000,EUR,86.446,PERC,,TWEM,TWEM,TRADEWEB,1,D2C,MTF,DBFTFB,'3605425071314703108
