Historical Rts2 Post Trade Microsecond,Historical Rts2 Instrument Identification Code,Bond Type Bond Type Desc,Instruments New Issuer Name,Instruments New Bond Fixed Rate,Instruments New Bond Maturity Date,Historical Rts2 Notional Amount,Historical Rts2 Notional Currency,Historical Rts2 Price,Historical Rts2 Price Notation,Historical Rts2 Flag List,Historical Rts2 Venue of Execution,Historical Rts2 Venue of Publication,Mifid Entities Commercial Name,Historical Rts2 Transaction Count,Mifid Entities Platform Type,Mifid Entities Trading Venue Types,Instruments New Cfi,Historical Rts2 Transaction Identification Code
2022-08-08 15:57:31.941000,FR0012993103,Corporate bond,DIRECTION GENERALE DU TRESOR,1.5,2031-05-25,77000,EUR,102.386,PERC,,TWEM,TWEM,TRADEWEB,1,D2C,MTF,DBFTFB,'3605531723942597252
2022-08-08 14:55:58.646000,FR0012993103,Corporate bond,DIRECTION GENERALE DU TRESOR,1.5,2031-05-25,25000,EUR,102.402,PERC,,TWEM,TWEM,TRADEWEB,1,D2C,MTF,DBFTFB,'3605531723942596600
2022-08-08 13:53:46.726000,FR0012993103,Corporate bond,DIRECTION GENERALE DU TRESOR,1.5,2031-05-25,350000,EUR,102.511,PERC,,TWEM,TWEM,TRADEWEB,1,D2C,MTF,DBFTFB,'3605531723942596047
2022-08-08 13:44:12.251000,FR0012993103,Corporate bond,DIRECTION GENERALE DU TRESOR,1.5,2031-05-25,93000,EUR,102.444,PERC,,TWEM,TWEM,TRADEWEB,1,D2C,MTF,DBFTFB,'3605531723942595954
2022-08-08 13:09:15.517000,FR0012993103,Corporate bond,DIRECTION GENERALE DU TRESOR,1.5,2031-05-25,32000,EUR,102.275,PERC,,TWEM,TWEM,TRADEWEB,1,D2C,MTF,DBFTFB,'3605531723942595665
2022-08-08 12:55:46.149000,FR0012993103,Corporate bond,DIRECTION GENERALE DU TRESOR,1.5,2031-05-25,32800,EUR,102.253,PERC,,TWEM,TWEM,TRADEWEB,1,D2C,MTF,DBFTFB,'3605531723942595537
2022-08-08 10:55:59.359000,FR0012993103,Corporate bond,DIRECTION GENERALE DU TRESOR,1.5,2031-05-25,20000,EUR,102.368,PERC,,TWEM,TWEM,TRADEWEB,1,D2C,MTF,DBFTFB,'3605531723942594735
2022-08-05 15:13:34.183000,FR0012993103,Corporate bond,DIRECTION GENERALE DU TRESOR,1.5,2031-05-25,80000,EUR,102.029,PERC,,TWEM,TWEM,TRADEWEB,1,D2C,MTF,DBFTFB,'3605528425407713915
2022-08-05 12:46:18.756000,FR0012993103,Corporate bond,DIRECTION GENERALE DU TRESOR,1.5,2031-05-25,120000,EUR,102.494,PERC,,TWEM,TWEM,TRADEWEB,1,D2C,MTF,DBFTFB,'3605528425407712181
2022-08-05 07:42:41.732000,FR0012993103,Corporate bond,DIRECTION GENERALE DU TRESOR,1.5,2031-05-25,50000,EUR,102.979,PERC,,TWEM,TWEM,TRADEWEB,1,D2C,MTF,DBFTFB,'3605528425407709545
2022-08-05 07:39:10.268000,FR0012993103,Corporate bond,DIRECTION GENERALE DU TRESOR,1.5,2031-05-25,33000,EUR,102.999,PERC,,TWEM,TWEM,TRADEWEB,1,D2C,MTF,DBFTFB,'3605528425407709514
2022-08-05 07:36:21.131000,FR0012993103,Corporate bond,DIRECTION GENERALE DU TRESOR,1.5,2031-05-25,112000,EUR,103.08,PERC,,TWEM,TWEM,TRADEWEB,1,D2C,MTF,DBFTFB,'3605528425407709489
2022-08-04 15:13:14.809000,FR0012993103,Corporate bond,DIRECTION GENERALE DU TRESOR,1.5,2031-05-25,52000,EUR,103.092,PERC,,TWEM,TWEM,TRADEWEB,1,D2C,MTF,DBFTFB,'3605527325896086607
2022-08-04 15:12:21.997000,FR0012993103,Corporate bond,DIRECTION GENERALE DU TRESOR,1.5,2031-05-25,509000,EUR,103.109,PERC,,TWEM,TWEM,TRADEWEB,1,D2C,MTF,DBFTFB,'3605527325896086538
2022-08-04 13:55:56.820000,FR0012993103,Corporate bond,DIRECTION GENERALE DU TRESOR,1.5,2031-05-25,30000,EUR,103.016,PERC,,TWEM,TWEM,TRADEWEB,1,D2C,MTF,DBFTFB,'3605527325896085800
2022-08-04 09:58:08.371000,FR0012993103,Corporate bond,DIRECTION GENERALE DU TRESOR,1.5,2031-05-25,337000,EUR,102.732,PERC,,TWEM,TWEM,TRADEWEB,1,D2C,MTF,DBFTFB,'3605527325896083465
2022-08-03 15:15:11.341000,FR0012993103,Corporate bond,DIRECTION GENERALE DU TRESOR,1.5,2031-05-25,800000,EUR,102.417,PERC,,TWEM,TWEM,TRADEWEB,1,D2C,MTF,DBFTFB,'3605526226384459880
2022-08-03 15:13:12.502000,FR0012993103,Corporate bond,DIRECTION GENERALE DU TRESOR,1.5,2031-05-25,34000,EUR,102.383,PERC,,TWEM,TWEM,TRADEWEB,1,D2C,MTF,DBFTFB,'3605526226384459555
2022-08-03 14:48:56.776000,FR0012993103,Corporate bond,DIRECTION GENERALE DU TRESOR,1.5,2031-05-25,166000,EUR,102.288,PERC,,TWEM,TWEM,TRADEWEB,1,D2C,MTF,DBFTFB,'3605526226384459261
2022-08-03 14:25:58.640000,FR0012993103,Corporate bond,DIRECTION GENERALE DU TRESOR,1.5,2031-05-25,20000,EUR,102.186,PERC,,TWEM,TWEM,TRADEWEB,1,D2C,MTF,DBFTFB,'3605526226384459014
2022-08-03 14:05:57.585000,FR0012993103,Corporate bond,DIRECTION GENERALE DU TRESOR,1.5,2031-05-25,230000,EUR,102.324,PERC,,TWEM,TWEM,TRADEWEB,1,D2C,MTF,DBFTFB,'3605526226384458660
2022-08-03 13:27:04.660000,FR0012993103,Corporate bond,DIRECTION GENERALE DU TRESOR,1.5,2031-05-25,3949,EUR,102.433,PERC,,TWEM,TWEM,TRADEWEB,1,D2C,MTF,DBFTFB,'3605526226384458109
2022-08-02 15:15:29.437000,FR0012993103,Corporate bond,DIRECTION GENERALE DU TRESOR,1.5,2031-05-25,1333000,EUR,102.977,PERC,,TWEM,TWEM,TRADEWEB,1,D2C,MTF,DBFTFB,'3605525126872832160
2022-08-02 14:57:25.641000,FR0012993103,Corporate bond,DIRECTION GENERALE DU TRESOR,1.5,2031-05-25,209000,EUR,102.872,PERC,,TWEM,TWEM,TRADEWEB,1,D2C,MTF,DBFTFB,'3605525126872831584
2022-08-02 14:16:25.804000,FR0012993103,Corporate bond,DIRECTION GENERALE DU TRESOR,1.5,2031-05-25,880000,EUR,103.206,PERC,,TWEM,TWEM,TRADEWEB,1,D2C,MTF,DBFTFB,'3605525126872831097
2022-08-02 12:39:04.019000,FR0012993103,Corporate bond,DIRECTION GENERALE DU TRESOR,1.5,2031-05-25,1400,EUR,103.742,PERC,,TWEM,TWEM,TRADEWEB,1,D2C,MTF,DBFTFB,'3605525126872829919
2022-08-02 11:06:59.062000,FR0012993103,Corporate bond,DIRECTION GENERALE DU TRESOR,1.5,2031-05-25,100000,EUR,103.558,PERC,,TWEM,TWEM,TRADEWEB,1,D2C,MTF,DBFTFB,'3605525126872829173
2022-08-02 09:45:59.689000,FR0012993103,Corporate bond,DIRECTION GENERALE DU TRESOR,1.5,2031-05-25,20000,EUR,103.711,PERC,,TWEM,TWEM,TRADEWEB,1,D2C,MTF,DBFTFB,'3605525126872828352
2022-08-02 09:27:07.181000,FR0012993103,Corporate bond,DIRECTION GENERALE DU TRESOR,1.5,2031-05-25,1154,EUR,103.757,PERC,,TWEM,TWEM,TRADEWEB,1,D2C,MTF,DBFTFB,'3605525126872827820
2022-08-02 09:21:11.909000,FR0012993103,Corporate bond,DIRECTION GENERALE DU TRESOR,1.5,2031-05-25,400000,EUR,103.707,PERC,,TWEM,TWEM,TRADEWEB,1,D2C,MTF,DBFTFB,'3605525126872827777
2022-08-02 05:03:32.000000,FR0012993103,Corporate bond,DIRECTION GENERALE DU TRESOR,1.5,2031-05-25,42266082,EUR,102.555868,PERC,IDAF,TWEM,TWEM,TRADEWEB,7,D2C,MTF,DBFTFB,'7208404828769223247
2022-08-01 15:22:50.640000,FR0012993103,Corporate bond,DIRECTION GENERALE DU TRESOR,1.5,2031-05-25,853000,EUR,103.29,PERC,,TWEM,TWEM,TRADEWEB,1,D2C,MTF,DBFTFB,'3605524027361203188
2022-08-01 15:15:13.246000,FR0012993103,Corporate bond,DIRECTION GENERALE DU TRESOR,1.5,2031-05-25,13000,EUR,103.37,PERC,,TWEM,TWEM,TRADEWEB,1,D2C,MTF,DBFTFB,'3605524027361203000
2022-08-01 14:49:41.889000,FR0012993103,Corporate bond,DIRECTION GENERALE DU TRESOR,1.5,2031-05-25,860000,EUR,103.335,PERC,,TWEM,TWEM,TRADEWEB,1,D2C,MTF,DBFTFB,'3605524027361202584
2022-08-01 14:16:11.173000,FR0012993103,Corporate bond,DIRECTION GENERALE DU TRESOR,1.5,2031-05-25,25000,EUR,103.323,PERC,,TWEM,TWEM,TRADEWEB,1,D2C,MTF,DBFTFB,'3605524027361202196
2022-08-01 14:16:11.164000,FR0012993103,Corporate bond,DIRECTION GENERALE DU TRESOR,1.5,2031-05-25,10000,EUR,103.315,PERC,,TWEM,TWEM,TRADEWEB,1,D2C,MTF,DBFTFB,'3605524027361202195
2022-08-01 14:05:08.481000,FR0012993103,Corporate bond,DIRECTION GENERALE DU TRESOR,1.5,2031-05-25,90000,EUR,103.173,PERC,,TWEM,TWEM,TRADEWEB,1,D2C,MTF,DBFTFB,'3605524027361202104
2022-08-01 13:22:30.591000,FR0012993103,Corporate bond,DIRECTION GENERALE DU TRESOR,1.5,2031-05-25,49000,EUR,103.083,PERC,,TWEM,TWEM,TRADEWEB,1,D2C,MTF,DBFTFB,'3605524027361201671
2022-08-01 12:15:52.311000,FR0012993103,Corporate bond,DIRECTION GENERALE DU TRESOR,1.5,2031-05-25,7277,EUR,102.904,PERC,,TWEM,TWEM,TRADEWEB,1,D2C,MTF,DBFTFB,'3605524027361201157
2022-08-01 11:32:41.315000,FR0012993103,Corporate bond,DIRECTION GENERALE DU TRESOR,1.5,2031-05-25,140000,EUR,102.923,PERC,,TWEM,TWEM,TRADEWEB,1,D2C,MTF,DBFTFB,'3605524027361200939
2022-08-01 11:15:37.862000,FR0012993103,Corporate bond,DIRECTION GENERALE DU TRESOR,1.5,2031-05-25,1772616,EUR,102.829,PERC,,TWEM,TWEM,TRADEWEB,1,D2C,MTF,DBFTFB,'3605524027361200840
2022-08-01 09:46:11.895000,FR0012993103,Corporate bond,DIRECTION GENERALE DU TRESOR,1.5,2031-05-25,20000,EUR,102.694,PERC,,TWEM,TWEM,TRADEWEB,1,D2C,MTF,DBFTFB,'3605524027361199718
2022-08-01 08:18:25.934000,FR0012993103,Corporate bond,DIRECTION GENERALE DU TRESOR,1.5,2031-05-25,1035554,EUR,102.485,PERC,,TWEM,TWEM,TRADEWEB,1,D2C,MTF,DBFTFB,'3605524027361198987
2022-08-01 08:05:58.712000,FR0012993103,Corporate bond,DIRECTION GENERALE DU TRESOR,1.5,2031-05-25,400000,EUR,102.51,PERC,,TWEM,TWEM,TRADEWEB,1,D2C,MTF,DBFTFB,'3605524027361198747
2022-07-29 15:57:52.191000,FR0012993103,Corporate bond,DIRECTION GENERALE DU TRESOR,1.5,2031-05-25,91000,EUR,103.011,PERC,,TWEM,TWEM,TRADEWEB,1,D2C,MTF,DBFTFB,'3605520728826324379
2022-07-29 15:41:21.466000,FR0012993103,Corporate bond,DIRECTION GENERALE DU TRESOR,1.5,2031-05-25,51000,EUR,102.88,PERC,,TWEM,TWEM,TRADEWEB,1,D2C,MTF,DBFTFB,'3605520728826324260
2022-07-29 15:18:06.003000,FR0012993103,Corporate bond,DIRECTION GENERALE DU TRESOR,1.5,2031-05-25,296000,EUR,102.994,PERC,,TWEM,TWEM,TRADEWEB,1,D2C,MTF,DBFTFB,'3605520728826323610
2022-07-29 15:16:21.283000,FR0012993103,Corporate bond,DIRECTION GENERALE DU TRESOR,1.5,2031-05-25,20000,EUR,102.968,PERC,,TWEM,TWEM,TRADEWEB,1,D2C,MTF,DBFTFB,'3605520728826322976
2022-07-29 15:16:03.664000,FR0012993103,Corporate bond,DIRECTION GENERALE DU TRESOR,1.5,2031-05-25,59000,EUR,102.963,PERC,,TWEM,TWEM,TRADEWEB,1,D2C,MTF,DBFTFB,'3605520728826322700
2022-07-29 15:15:32.305000,FR0012993103,Corporate bond,DIRECTION GENERALE DU TRESOR,1.5,2031-05-25,2000,EUR,102.979,PERC,,TWEM,TWEM,TRADEWEB,1,D2C,MTF,DBFTFB,'3605520728826322237
2022-07-29 15:15:32.114000,FR0012993103,Corporate bond,DIRECTION GENERALE DU TRESOR,1.5,2031-05-25,1133000,EUR,102.967,PERC,,TWEM,TWEM,TRADEWEB,1,D2C,MTF,DBFTFB,'3605520728826322203
2022-07-29 15:15:11.444000,FR0012993103,Corporate bond,DIRECTION GENERALE DU TRESOR,1.5,2031-05-25,1000000,EUR,103.003,PERC,,TWEM,TWEM,TRADEWEB,1,D2C,MTF,DBFTFB,'3605520728826321882
2022-07-29 15:13:53.567000,FR0012993103,Corporate bond,DIRECTION GENERALE DU TRESOR,1.5,2031-05-25,39000,EUR,102.955,PERC,,TWEM,TWEM,TRADEWEB,1,D2C,MTF,DBFTFB,'3605520728826321226
2022-07-29 15:13:28.513000,FR0012993103,Corporate bond,DIRECTION GENERALE DU TRESOR,1.5,2031-05-25,213000,EUR,102.931,PERC,,TWEM,TWEM,TRADEWEB,1,D2C,MTF,DBFTFB,'3605520728826321093
2022-07-29 14:59:25.509000,FR0012993103,Corporate bond,DIRECTION GENERALE DU TRESOR,1.5,2031-05-25,1750000,EUR,102.775,PERC,,TWEM,TWEM,TRADEWEB,1,D2C,MTF,DBFTFB,'3605520728826320459
2022-07-29 14:16:48.926000,FR0012993103,Corporate bond,DIRECTION GENERALE DU TRESOR,1.5,2031-05-25,1851726,EUR,102.692,PERC,,TWEM,TWEM,TRADEWEB,1,D2C,MTF,DBFTFB,'3605520728826319969
2022-07-29 13:53:15.120000,FR0012993103,Corporate bond,DIRECTION GENERALE DU TRESOR,1.5,2031-05-25,310000,EUR,102.474,PERC,,TWEM,TWEM,TRADEWEB,1,D2C,MTF,DBFTFB,'3605520728826319587
2022-07-29 10:55:39.332000,FR0012993103,Corporate bond,DIRECTION GENERALE DU TRESOR,1.5,2031-05-25,900000,EUR,102.281,PERC,,TWEM,TWEM,TRADEWEB,1,D2C,MTF,DBFTFB,'3605520728826317604
2022-07-29 10:06:18.723000,FR0012993103,Corporate bond,DIRECTION GENERALE DU TRESOR,1.5,2031-05-25,50000,EUR,102.129,PERC,,TWEM,TWEM,TRADEWEB,1,D2C,MTF,DBFTFB,'3605520728826316873
2022-07-29 10:01:14.340000,FR0012993103,Corporate bond,DIRECTION GENERALE DU TRESOR,1.5,2031-05-25,,EUR,102.113,PERC,TPAC VOLO,TWEM,TWEM,TRADEWEB,1,D2C,MTF,DBFTFB,'7208404828769230333
2022-07-29 09:14:07.140000,FR0012993103,Corporate bond,DIRECTION GENERALE DU TRESOR,1.5,2031-05-25,235000,EUR,102.231,PERC,,TWEM,TWEM,TRADEWEB,1,D2C,MTF,DBFTFB,'3605520728826316325
2022-07-29 09:06:01.296000,FR0012993103,Corporate bond,DIRECTION GENERALE DU TRESOR,1.5,2031-05-25,40000,EUR,102.145,PERC,,TWEM,TWEM,TRADEWEB,1,D2C,MTF,DBFTFB,'3605520728826316212
2022-07-29 08:34:54.166000,FR0012993103,Corporate bond,DIRECTION GENERALE DU TRESOR,1.5,2031-05-25,300000,EUR,102.137,PERC,,TWEM,TWEM,TRADEWEB,1,D2C,MTF,DBFTFB,'3605520728826315808
2022-07-29 08:03:16.141000,FR0012993103,Corporate bond,DIRECTION GENERALE DU TRESOR,1.5,2031-05-25,1782362,EUR,102.257,PERC,,TWEM,TWEM,TRADEWEB,1,D2C,MTF,DBFTFB,'3605520728826315449
2022-07-28 13:57:13.133000,FR0012993103,Corporate bond,DIRECTION GENERALE DU TRESOR,1.5,2031-05-25,15000,EUR,102.846,PERC,,TWEM,TWEM,TRADEWEB,1,D2C,MTF,DBFTFB,'3605519629314690838
2022-07-28 09:55:59.274000,FR0012993103,Corporate bond,DIRECTION GENERALE DU TRESOR,1.5,2031-05-25,100000,EUR,101.593,PERC,,TWEM,TWEM,TRADEWEB,1,D2C,MTF,DBFTFB,'3605519629314688721
2022-07-28 09:45:03.914000,FR0012993103,Corporate bond,DIRECTION GENERALE DU TRESOR,1.5,2031-05-25,800000,EUR,101.441,PERC,,TWEM,TWEM,TRADEWEB,1,D2C,MTF,DBFTFB,'3605519629314688640
2022-07-28 09:35:56.601000,FR0012993103,Corporate bond,DIRECTION GENERALE DU TRESOR,1.5,2031-05-25,30000,EUR,101.411,PERC,,TWEM,TWEM,TRADEWEB,1,D2C,MTF,DBFTFB,'3605519629314688505
2022-07-28 09:19:58.093000,FR0012993103,Corporate bond,DIRECTION GENERALE DU TRESOR,1.5,2031-05-25,500000,EUR,101.468,PERC,,TWEM,TWEM,TRADEWEB,1,D2C,MTF,DBFTFB,'3605519629314688329
2022-07-28 07:56:45.330000,FR0012993103,Corporate bond,DIRECTION GENERALE DU TRESOR,1.5,2031-05-25,50000,EUR,101.341,PERC,,TWEM,TWEM,TRADEWEB,1,D2C,MTF,DBFTFB,'3605519629314687546
2022-07-27 15:34:42.692000,FR0012993103,Corporate bond,DIRECTION GENERALE DU TRESOR,1.5,2031-05-25,288000,EUR,101.755,PERC,,TWEM,TWEM,TRADEWEB,1,D2C,MTF,DBFTFB,'3605518529803065022
2022-07-27 15:16:11.203000,FR0012993103,Corporate bond,DIRECTION GENERALE DU TRESOR,1.5,2031-05-25,20000,EUR,101.872,PERC,,TWEM,TWEM,TRADEWEB,1,D2C,MTF,DBFTFB,'3605518529803064854
2022-07-27 15:14:40.359000,FR0012993103,Corporate bond,DIRECTION GENERALE DU TRESOR,1.5,2031-05-25,1767000,EUR,101.854,PERC,,TWEM,TWEM,TRADEWEB,1,D2C,MTF,DBFTFB,'3605518529803064695
2022-07-27 14:46:07.190000,FR0012993103,Corporate bond,DIRECTION GENERALE DU TRESOR,1.5,2031-05-25,5000,EUR,101.762,PERC,,TWEM,TWEM,TRADEWEB,1,D2C,MTF,DBFTFB,'3605518529803064050
2022-07-27 14:25:54.505000,FR0012993103,Corporate bond,DIRECTION GENERALE DU TRESOR,1.5,2031-05-25,20000,EUR,101.801,PERC,,TWEM,TWEM,TRADEWEB,1,D2C,MTF,DBFTFB,'3605518529803063873
2022-07-27 14:05:54.839000,FR0012993103,Corporate bond,DIRECTION GENERALE DU TRESOR,1.5,2031-05-25,130000,EUR,101.689,PERC,,TWEM,TWEM,TRADEWEB,1,D2C,MTF,DBFTFB,'3605518529803063703
2022-07-27 09:42:01.457000,FR0012993103,Corporate bond,DIRECTION GENERALE DU TRESOR,1.5,2031-05-25,62000,EUR,101.521,PERC,,TWEM,TWEM,TRADEWEB,1,D2C,MTF,DBFTFB,'3605518529803061070
2022-07-26 15:31:48.279000,FR0012993103,Corporate bond,DIRECTION GENERALE DU TRESOR,1.5,2031-05-25,13000,EUR,101.791,PERC,,TWEM,TWEM,TRADEWEB,1,D2C,MTF,DBFTFB,'3605517430291436895
2022-07-26 15:15:04.599000,FR0012993103,Corporate bond,DIRECTION GENERALE DU TRESOR,1.5,2031-05-25,73000,EUR,101.816,PERC,,TWEM,TWEM,TRADEWEB,1,D2C,MTF,DBFTFB,'3605517430291436561
2022-07-26 14:41:30.100000,FR0012993103,Corporate bond,DIRECTION GENERALE DU TRESOR,1.5,2031-05-25,500000,EUR,101.826,PERC,,TWEM,TWEM,TRADEWEB,1,D2C,MTF,DBFTFB,'3605517430291435998
2022-07-26 12:25:46.879000,FR0012993103,Corporate bond,DIRECTION GENERALE DU TRESOR,1.5,2031-05-25,7000,EUR,101.92,PERC,,TWEM,TWEM,TRADEWEB,1,D2C,MTF,DBFTFB,'3605517430291434550
2022-07-26 10:30:03.773000,FR0012993103,Corporate bond,DIRECTION GENERALE DU TRESOR,1.5,2031-05-25,987000,EUR,101.684,PERC,,TWEM,TWEM,TRADEWEB,1,D2C,MTF,DBFTFB,'3605517430291433646
2022-07-26 05:03:14.000000,FR0012993103,Corporate bond,DIRECTION GENERALE DU TRESOR,1.5,2031-05-25,66000000,EUR,100.863258,PERC,IDAF,TWEM,TWEM,TRADEWEB,4,D2C,MTF,DBFTFB,'7208397132187828721
2022-07-25 15:40:31.391000,FR0012993103,Corporate bond,DIRECTION GENERALE DU TRESOR,1.5,2031-05-25,2000000,EUR,100.983,PERC,,TWEM,TWEM,TRADEWEB,1,D2C,MTF,DBFTFB,'3605516330779808512
2022-07-25 15:19:48.838000,FR0012993103,Corporate bond,DIRECTION GENERALE DU TRESOR,1.5,2031-05-25,388000,EUR,101.052,PERC,,TWEM,TWEM,TRADEWEB,1,D2C,MTF,DBFTFB,'3605516330779808248
2022-07-25 15:15:04.437000,FR0012993103,Corporate bond,DIRECTION GENERALE DU TRESOR,1.5,2031-05-25,85000,EUR,101.051,PERC,,TWEM,TWEM,TRADEWEB,1,D2C,MTF,DBFTFB,'3605516330779808102
2022-07-25 15:14:12.561000,FR0012993103,Corporate bond,DIRECTION GENERALE DU TRESOR,1.5,2031-05-25,100000,EUR,101.034,PERC,,TWEM,TWEM,TRADEWEB,1,D2C,MTF,DBFTFB,'3605516330779808014
2022-07-25 12:40:19.905000,FR0012993103,Corporate bond,DIRECTION GENERALE DU TRESOR,1.5,2031-05-25,44000,EUR,100.594,PERC,,TWEM,TWEM,TRADEWEB,1,D2C,MTF,DBFTFB,'3605516330779806494
2022-07-25 11:27:51.388000,FR0012993103,Corporate bond,DIRECTION GENERALE DU TRESOR,1.5,2031-05-25,19000,EUR,100.765,PERC,,TWEM,TWEM,TRADEWEB,1,D2C,MTF,DBFTFB,'3605516330779806101
2022-07-25 08:19:11.415000,FR0012993103,Corporate bond,DIRECTION GENERALE DU TRESOR,1.5,2031-05-25,1000000,EUR,100.845,PERC,,TWEM,TWEM,TRADEWEB,1,D2C,MTF,DBFTFB,'3605516330779804340
2022-07-22 15:15:19.645000,FR0012993103,Corporate bond,DIRECTION GENERALE DU TRESOR,1.5,2031-05-25,26000,EUR,100.952,PERC,,TWEM,TWEM,TRADEWEB,1,D2C,MTF,DBFTFB,'3605513032244925960
2022-07-22 15:15:06.650000,FR0012993103,Corporate bond,DIRECTION GENERALE DU TRESOR,1.5,2031-05-25,2750000,EUR,100.962,PERC,,TWEM,TWEM,TRADEWEB,1,D2C,MTF,DBFTFB,'3605513032244925849
2022-07-22 14:10:36.118000,FR0012993103,Corporate bond,DIRECTION GENERALE DU TRESOR,1.5,2031-05-25,1000000,EUR,101.112,PERC,,TWEM,TWEM,TRADEWEB,1,D2C,MTF,DBFTFB,'3605513032244924885
2022-07-22 14:04:21.577000,FR0012993103,Corporate bond,DIRECTION GENERALE DU TRESOR,1.5,2031-05-25,10000,EUR,101.27,PERC,,TWEM,TWEM,TRADEWEB,1,D2C,MTF,DBFTFB,'3605513032244924815
2022-07-22 13:50:38.770000,FR0012993103,Corporate bond,DIRECTION GENERALE DU TRESOR,1.5,2031-05-25,,EUR,101.414,PERC,TPAC VOLO,TWEM,TWEM,TRADEWEB,1,D2C,MTF,DBFTFB,'7208397132187836403
2022-07-22 13:12:23.203000,FR0012993103,Corporate bond,DIRECTION GENERALE DU TRESOR,1.5,2031-05-25,750000,EUR,100.95,PERC,,TWEM,TWEM,TRADEWEB,1,D2C,MTF,DBFTFB,'3605513032244924177
2022-07-22 10:40:49.351000,FR0012993103,Corporate bond,DIRECTION GENERALE DU TRESOR,1.5,2031-05-25,65000,EUR,100.732,PERC,,TWEM,TWEM,TRADEWEB,1,D2C,MTF,DBFTFB,'3605513032244922862
2022-07-22 08:48:27.482000,FR0012993103,Corporate bond,DIRECTION GENERALE DU TRESOR,1.5,2031-05-25,67000,EUR,100.708,PERC,,TWEM,TWEM,TRADEWEB,1,D2C,MTF,DBFTFB,'3605513032244921507
2022-07-21 15:43:13.613000,FR0012993103,Corporate bond,DIRECTION GENERALE DU TRESOR,1.5,2031-05-25,634000,EUR,99.39,PERC,,TWEM,TWEM,TRADEWEB,1,D2C,MTF,DBFTFB,'3605511932733299176
2022-07-21 15:15:54.215000,FR0012993103,Corporate bond,DIRECTION GENERALE DU TRESOR,1.5,2031-05-25,393000,EUR,99.545,PERC,,TWEM,TWEM,TRADEWEB,1,D2C,MTF,DBFTFB,'3605511932733298733
2022-07-21 15:02:03.281000,FR0012993103,Corporate bond,DIRECTION GENERALE DU TRESOR,1.5,2031-05-25,275000,EUR,99.54,PERC,,TWEM,TWEM,TRADEWEB,1,D2C,MTF,DBFTFB,'3605511932733298108
2022-07-21 11:58:07.009000,FR0012993103,Corporate bond,DIRECTION GENERALE DU TRESOR,1.5,2031-05-25,1035000,EUR,98.85,PERC,,TWEM,TWEM,TRADEWEB,1,D2C,MTF,DBFTFB,'3605511932733295925
2022-07-21 11:09:43.424000,FR0012993103,Corporate bond,DIRECTION GENERALE DU TRESOR,1.5,2031-05-25,729000,EUR,99.029,PERC,,TWEM,TWEM,TRADEWEB,1,D2C,MTF,DBFTFB,'3605511932733295598
2022-07-21 07:48:00.629000,FR0012993103,Corporate bond,DIRECTION GENERALE DU TRESOR,1.5,2031-05-25,7000,EUR,98.904,PERC,,TWEM,TWEM,TRADEWEB,1,D2C,MTF,DBFTFB,'3605511932733293046
2022-07-20 15:13:15.075000,FR0012993103,Corporate bond,DIRECTION GENERALE DU TRESOR,1.5,2031-05-25,100000,EUR,99.204,PERC,,TWEM,TWEM,TRADEWEB,1,D2C,MTF,DBFTFB,'3605510833221669749
2022-07-20 13:19:41.890000,FR0012993103,Corporate bond,DIRECTION GENERALE DU TRESOR,1.5,2031-05-25,330000,EUR,99.462,PERC,,TWEM,TWEM,TRADEWEB,1,D2C,MTF,DBFTFB,'3605510833221668715
2022-07-20 12:47:02.997000,FR0012993103,Corporate bond,DIRECTION GENERALE DU TRESOR,1.5,2031-05-25,23000,EUR,99.744,PERC,,TWEM,TWEM,TRADEWEB,1,D2C,MTF,DBFTFB,'3605510833221668419
2022-07-20 09:57:12.869000,FR0012993103,Corporate bond,DIRECTION GENERALE DU TRESOR,1.5,2031-05-25,13000,EUR,99.625,PERC,,TWEM,TWEM,TRADEWEB,1,D2C,MTF,DBFTFB,'3605510833221667073
2022-07-19 15:18:13.870000,FR0012993103,Corporate bond,DIRECTION GENERALE DU TRESOR,1.5,2031-05-25,9200,EUR,99.21,PERC,,TWEM,TWEM,TRADEWEB,1,D2C,MTF,DBFTFB,'3605509733710042596
2022-07-19 15:14:08.933000,FR0012993103,Corporate bond,DIRECTION GENERALE DU TRESOR,1.5,2031-05-25,117000,EUR,99.155,PERC,,TWEM,TWEM,TRADEWEB,1,D2C,MTF,DBFTFB,'3605509733710042152
2022-07-19 14:06:09.511000,FR0012993103,Corporate bond,DIRECTION GENERALE DU TRESOR,1.5,2031-05-25,40000,EUR,99.379,PERC,,TWEM,TWEM,TRADEWEB,1,D2C,MTF,DBFTFB,'3605509733710041093
2022-07-19 07:59:50.345000,FR0012993103,Corporate bond,DIRECTION GENERALE DU TRESOR,1.5,2031-05-25,866245,EUR,99.233,PERC,,TWEM,TWEM,TRADEWEB,1,D2C,MTF,DBFTFB,'3605509733710037504
2022-07-19 05:03:40.000000,FR0012993103,Corporate bond,DIRECTION GENERALE DU TRESOR,1.5,2031-05-25,56900000,EUR,99.972241,PERC,IDAF,TWEM,TWEM,TRADEWEB,8,D2C,MTF,DBFTFB,'7208389435606434258
2022-07-18 15:14:10.726000,FR0012993103,Corporate bond,DIRECTION GENERALE DU TRESOR,1.5,2031-05-25,1380000,EUR,99.442,PERC,,TWEM,TWEM,TRADEWEB,1,D2C,MTF,DBFTFB,'3605508634198414079
2022-07-18 15:13:08.563000,FR0012993103,Corporate bond,DIRECTION GENERALE DU TRESOR,1.5,2031-05-25,34000,EUR,99.414,PERC,,TWEM,TWEM,TRADEWEB,1,D2C,MTF,DBFTFB,'3605508634198413830
2022-07-18 13:33:03.421000,FR0012993103,Corporate bond,DIRECTION GENERALE DU TRESOR,1.5,2031-05-25,50000,EUR,99.34,PERC,,TWEM,TWEM,TRADEWEB,1,D2C,MTF,DBFTFB,'3605508634198412784
2022-07-18 13:07:22.879000,FR0012993103,Corporate bond,DIRECTION GENERALE DU TRESOR,1.5,2031-05-25,56000,EUR,99.344,PERC,,TWEM,TWEM,TRADEWEB,1,D2C,MTF,DBFTFB,'3605508634198412612
2022-07-15 15:19:11.195000,FR0012993103,Corporate bond,DIRECTION GENERALE DU TRESOR,1.5,2031-05-25,2400000,EUR,100.089,PERC,,TWEM,TWEM,TRADEWEB,1,D2C,MTF,DBFTFB,'3605505335663530517
2022-07-15 12:24:10.916000,FR0012993103,Corporate bond,DIRECTION GENERALE DU TRESOR,1.5,2031-05-25,92000,EUR,99.887,PERC,,TWEM,TWEM,TRADEWEB,1,D2C,MTF,DBFTFB,'3605505335663528621
2022-07-15 10:12:31.741000,FR0012993103,Corporate bond,DIRECTION GENERALE DU TRESOR,1.5,2031-05-25,44000,EUR,99.959,PERC,,TWEM,TWEM,TRADEWEB,1,D2C,MTF,DBFTFB,'3605505335663527764
2022-07-15 07:10:35.337000,FR0012993103,Corporate bond,DIRECTION GENERALE DU TRESOR,1.5,2031-05-25,500000,EUR,100.294,PERC,,TWEM,TWEM,TRADEWEB,1,D2C,MTF,DBFTFB,'3605505335663526029
2022-07-14 15:15:16.657000,FR0012993103,Corporate bond,DIRECTION GENERALE DU TRESOR,1.5,2031-05-25,3000,EUR,99.547,PERC,,TWEM,TWEM,TRADEWEB,1,D2C,MTF,DBFTFB,'3605504236151903794
2022-07-14 15:14:09.001000,FR0012993103,Corporate bond,DIRECTION GENERALE DU TRESOR,1.5,2031-05-25,100000,EUR,99.528,PERC,,TWEM,TWEM,TRADEWEB,1,D2C,MTF,DBFTFB,'3605504236151903633
2022-07-14 14:15:49.902000,FR0012993103,Corporate bond,DIRECTION GENERALE DU TRESOR,1.5,2031-05-25,26000,EUR,99.365,PERC,,TWEM,TWEM,TRADEWEB,1,D2C,MTF,DBFTFB,'3605504236151902791
2022-07-14 09:46:08.917000,FR0012993103,Corporate bond,DIRECTION GENERALE DU TRESOR,1.5,2031-05-25,13000,EUR,99.313,PERC,,TWEM,TWEM,TRADEWEB,1,D2C,MTF,DBFTFB,'3605504236151900000
2022-07-14 07:02:38.571000,FR0012993103,Corporate bond,DIRECTION GENERALE DU TRESOR,1.5,2031-05-25,2419,EUR,99.788,PERC,,TWEM,TWEM,TRADEWEB,1,D2C,MTF,DBFTFB,'3605504236151898156
2022-07-13 15:25:08.319000,FR0012993103,Corporate bond,DIRECTION GENERALE DU TRESOR,1.5,2031-05-25,2187000,EUR,100.007,PERC,,TWEM,TWEM,TRADEWEB,1,D2C,MTF,DBFTFB,'3605503136640275953
2022-07-13 15:15:09.893000,FR0012993103,Corporate bond,DIRECTION GENERALE DU TRESOR,1.5,2031-05-25,4000,EUR,99.997,PERC,,TWEM,TWEM,TRADEWEB,1,D2C,MTF,DBFTFB,'3605503136640275519
2022-07-13 14:49:47.708000,FR0012993103,Corporate bond,DIRECTION GENERALE DU TRESOR,1.5,2031-05-25,259000,EUR,100.172,PERC,,TWEM,TWEM,TRADEWEB,1,D2C,MTF,DBFTFB,'3605503136640275045
2022-07-13 12:20:31.019000,FR0012993103,Corporate bond,DIRECTION GENERALE DU TRESOR,1.5,2031-05-25,150000,EUR,100.076,PERC,,TWEM,TWEM,TRADEWEB,1,D2C,MTF,DBFTFB,'3605503136640273171
2022-07-13 09:12:38.722000,FR0012993103,Corporate bond,DIRECTION GENERALE DU TRESOR,1.5,2031-05-25,2200000,EUR,99.922,PERC,,TWEM,TWEM,TRADEWEB,1,D2C,MTF,DBFTFB,'3605503136640271723
2022-07-12 15:13:40.439000,FR0012993103,Corporate bond,DIRECTION GENERALE DU TRESOR,1.5,2031-05-25,1863,EUR,100.345,PERC,,TWEM,TWEM,TRADEWEB,1,D2C,MTF,DBFTFB,'3605502037128647531
2022-07-12 15:11:51.835000,FR0012993103,Corporate bond,DIRECTION GENERALE DU TRESOR,1.5,2031-05-25,413000,EUR,100.378,PERC,,TWEM,TWEM,TRADEWEB,1,D2C,MTF,DBFTFB,'3605502037128647417
2022-07-12 14:16:10.943000,FR0012993103,Corporate bond,DIRECTION GENERALE DU TRESOR,1.5,2031-05-25,50000,EUR,100.274,PERC,,TWEM,TWEM,TRADEWEB,1,D2C,MTF,DBFTFB,'3605502037128646892
2022-07-12 13:01:54.015000,FR0012993103,Corporate bond,DIRECTION GENERALE DU TRESOR,1.5,2031-05-25,12000,EUR,100.174,PERC,,TWEM,TWEM,TRADEWEB,1,D2C,MTF,DBFTFB,'3605502037128646167
2022-07-12 09:56:15.158000,FR0012993103,Corporate bond,DIRECTION GENERALE DU TRESOR,1.5,2031-05-25,400000,EUR,100.217,PERC,,TWEM,TWEM,TRADEWEB,1,D2C,MTF,DBFTFB,'3605502037128644555
2022-07-12 09:55:56.124000,FR0012993103,Corporate bond,DIRECTION GENERALE DU TRESOR,1.5,2031-05-25,10000,EUR,100.22,PERC,,TWEM,TWEM,TRADEWEB,1,D2C,MTF,DBFTFB,'3605502037128644548
2022-07-12 08:57:39.661000,FR0012993103,Corporate bond,DIRECTION GENERALE DU TRESOR,1.5,2031-05-25,10000,EUR,100.087,PERC,,TWEM,TWEM,TRADEWEB,1,D2C,MTF,DBFTFB,'3605502037128643661
2022-07-12 05:03:20.000000,FR0012993103,Corporate bond,DIRECTION GENERALE DU TRESOR,1.5,2031-05-25,50961910,EUR,98.634825,PERC,IDAF,TWEM,TWEM,TRADEWEB,7,D2C,MTF,DBFTFB,'7208381739025039953
2022-07-11 16:21:30.545000,FR0012993103,Corporate bond,DIRECTION GENERALE DU TRESOR,1.5,2031-05-25,8324,EUR,99.141,PERC,,TWEM,TWEM,TRADEWEB,1,D2C,MTF,DBFTFB,'3605500937617020328
2022-07-11 15:15:04.518000,FR0012993103,Corporate bond,DIRECTION GENERALE DU TRESOR,1.5,2031-05-25,230000,EUR,99.205,PERC,,TWEM,TWEM,TRADEWEB,1,D2C,MTF,DBFTFB,'3605500937617019859
2022-07-11 15:14:09.442000,FR0012993103,Corporate bond,DIRECTION GENERALE DU TRESOR,1.5,2031-05-25,100000,EUR,99.232,PERC,,TWEM,TWEM,TRADEWEB,1,D2C,MTF,DBFTFB,'3605500937617019794
2022-07-11 15:13:06.591000,FR0012993103,Corporate bond,DIRECTION GENERALE DU TRESOR,1.5,2031-05-25,200000,EUR,99.238,PERC,,TWEM,TWEM,TRADEWEB,1,D2C,MTF,DBFTFB,'3605500937617019640
2022-07-11 15:11:07.762000,FR0012993103,Corporate bond,DIRECTION GENERALE DU TRESOR,1.5,2031-05-25,924000,EUR,99.288,PERC,,TWEM,TWEM,TRADEWEB,1,D2C,MTF,DBFTFB,'3605500937617019590
2022-07-11 15:04:49.057000,FR0012993103,Corporate bond,DIRECTION GENERALE DU TRESOR,1.5,2031-05-25,22355,EUR,99.307,PERC,,TWEM,TWEM,TRADEWEB,1,D2C,MTF,DBFTFB,'3605500937617019439
2022-07-11 13:30:50.009000,FR0012993103,Corporate bond,DIRECTION GENERALE DU TRESOR,1.5,2031-05-25,108000,EUR,99.134,PERC,,TWEM,TWEM,TRADEWEB,1,D2C,MTF,DBFTFB,'3605500937617018432
2022-07-11 13:20:05.895000,FR0012993103,Corporate bond,DIRECTION GENERALE DU TRESOR,1.5,2031-05-25,16000,EUR,99.031,PERC,,TWEM,TWEM,TRADEWEB,1,D2C,MTF,DBFTFB,'3605500937617018315
2022-07-11 13:00:46.955000,FR0012993103,Corporate bond,DIRECTION GENERALE DU TRESOR,1.5,2031-05-25,375000,EUR,99.03,PERC,,TWEM,TWEM,TRADEWEB,1,D2C,MTF,DBFTFB,'3605500937617018181
2022-07-11 12:21:21.995000,FR0012993103,Corporate bond,DIRECTION GENERALE DU TRESOR,1.5,2031-05-25,283000,EUR,98.908,PERC,,TWEM,TWEM,TRADEWEB,1,D2C,MTF,DBFTFB,'3605500937617017811
2022-07-11 10:00:24.584000,FR0012993103,Corporate bond,DIRECTION GENERALE DU TRESOR,1.5,2031-05-25,426339,EUR,98.685,PERC,,TWEM,TWEM,TRADEWEB,1,D2C,MTF,DBFTFB,'3605500937617016697
2022-07-08 14:20:49.619000,FR0012993103,Corporate bond,DIRECTION GENERALE DU TRESOR,1.5,2031-05-25,159000,EUR,98.717,PERC,,TWEM,TWEM,TRADEWEB,1,D2C,MTF,DBFTFB,'3605497639082135898
2022-07-08 08:45:34.772000,FR0012993103,Corporate bond,DIRECTION GENERALE DU TRESOR,1.5,2031-05-25,2366,EUR,98.889,PERC,,TWEM,TWEM,TRADEWEB,1,D2C,MTF,DBFTFB,'3605497639082132545
2022-07-08 08:38:27.418000,FR0012993103,Corporate bond,DIRECTION GENERALE DU TRESOR,1.5,2031-05-25,1605646,EUR,98.817,PERC,,TWEM,TWEM,TRADEWEB,1,D2C,MTF,DBFTFB,'3605497639082132475
2022-07-08 08:12:46.153000,FR0012993103,Corporate bond,DIRECTION GENERALE DU TRESOR,1.5,2031-05-25,3523,EUR,98.85,PERC,,TWEM,TWEM,TRADEWEB,1,D2C,MTF,DBFTFB,'3605497639082132140
2022-07-07 15:33:18.093000,FR0012993103,Corporate bond,DIRECTION GENERALE DU TRESOR,1.5,2031-05-25,1677,EUR,98.663,PERC,,TWEM,TWEM,TRADEWEB,1,D2C,MTF,DBFTFB,'3605496539570510479
2022-07-07 15:15:27.519000,FR0012993103,Corporate bond,DIRECTION GENERALE DU TRESOR,1.5,2031-05-25,9000,EUR,98.725,PERC,,TWEM,TWEM,TRADEWEB,1,D2C,MTF,DBFTFB,'3605496539570510126
2022-07-07 15:14:04.355000,FR0012993103,Corporate bond,DIRECTION GENERALE DU TRESOR,1.5,2031-05-25,71000,EUR,98.692,PERC,,TWEM,TWEM,TRADEWEB,1,D2C,MTF,DBFTFB,'3605496539570509777
2022-07-07 15:14:04.013000,FR0012993103,Corporate bond,DIRECTION GENERALE DU TRESOR,1.5,2031-05-25,1237000,EUR,98.683,PERC,,TWEM,TWEM,TRADEWEB,1,D2C,MTF,DBFTFB,'3605496539570509778
2022-07-07 15:13:12.375000,FR0012993103,Corporate bond,DIRECTION GENERALE DU TRESOR,1.5,2031-05-25,135000,EUR,98.691,PERC,,TWEM,TWEM,TRADEWEB,1,D2C,MTF,DBFTFB,'3605496539570509623
2022-07-07 14:07:15.557000,FR0012993103,Corporate bond,DIRECTION GENERALE DU TRESOR,1.5,2031-05-25,570000,EUR,98.684,PERC,,TWEM,TWEM,TRADEWEB,1,D2C,MTF,DBFTFB,'3605496539570508830
2022-07-07 14:03:01.178000,FR0012993103,Corporate bond,DIRECTION GENERALE DU TRESOR,1.5,2031-05-25,19000,EUR,98.722,PERC,,TWEM,TWEM,TRADEWEB,1,D2C,MTF,DBFTFB,'3605496539570508756
2022-07-07 13:38:10.462000,FR0012993103,Corporate bond,DIRECTION GENERALE DU TRESOR,1.5,2031-05-25,544,EUR,98.799,PERC,,TWEM,TWEM,TRADEWEB,1,D2C,MTF,DBFTFB,'3605496539570508351
2022-07-07 13:00:48.677000,FR0012993103,Corporate bond,DIRECTION GENERALE DU TRESOR,1.5,2031-05-25,2304472,EUR,98.617,PERC,,TWEM,TWEM,TRADEWEB,1,D2C,MTF,DBFTFB,'3605496539570508052
2022-07-07 12:29:40.260000,FR0012993103,Corporate bond,DIRECTION GENERALE DU TRESOR,1.5,2031-05-25,390000,EUR,98.6,PERC,,TWEM,TWEM,TRADEWEB,1,D2C,MTF,DBFTFB,'3605496539570507538
2022-07-07 09:33:12.538000,FR0012993103,Corporate bond,DIRECTION GENERALE DU TRESOR,1.5,2031-05-25,1500000,EUR,98.452,PERC,,TWEM,TWEM,TRADEWEB,1,D2C,MTF,DBFTFB,'3605496539570505651
2022-07-07 09:31:22.678000,FR0012993103,Corporate bond,DIRECTION GENERALE DU TRESOR,1.5,2031-05-25,25000,EUR,98.51,PERC,,TWEM,TWEM,TRADEWEB,1,D2C,MTF,DBFTFB,'3605496539570505550
2022-07-07 08:55:55.483000,FR0012993103,Corporate bond,DIRECTION GENERALE DU TRESOR,1.5,2031-05-25,45000,EUR,98.524,PERC,,TWEM,TWEM,TRADEWEB,1,D2C,MTF,DBFTFB,'3605496539570505123
2022-07-07 08:25:52.493000,FR0012993103,Corporate bond,DIRECTION GENERALE DU TRESOR,1.5,2031-05-25,75000,EUR,98.696,PERC,,TWEM,TWEM,TRADEWEB,1,D2C,MTF,DBFTFB,'3605496539570504698
2022-07-07 07:30:04.603000,FR0012993103,Corporate bond,DIRECTION GENERALE DU TRESOR,1.5,2031-05-25,2488164,EUR,98.786,PERC,,TWEM,TWEM,TRADEWEB,1,D2C,MTF,DBFTFB,'3605496539570504120
2022-07-07 07:00:28.800000,FR0012993103,Corporate bond,DIRECTION GENERALE DU TRESOR,1.5,2031-05-25,100000,EUR,98.962,PERC,,TWEM,TWEM,TRADEWEB,1,D2C,MTF,DBFTFB,'3605496539570503710
2022-07-06 15:15:17.542000,FR0012993103,Corporate bond,DIRECTION GENERALE DU TRESOR,1.5,2031-05-25,23000,EUR,99.437,PERC,,TWEM,TWEM,TRADEWEB,1,D2C,MTF,DBFTFB,'3605495440058882200
2022-07-06 14:34:22.241000,FR0012993103,Corporate bond,DIRECTION GENERALE DU TRESOR,1.5,2031-05-25,107000,EUR,99.167,PERC,,TWEM,TWEM,TRADEWEB,1,D2C,MTF,DBFTFB,'3605495440058881320
2022-07-06 14:34:07.994000,FR0012993103,Corporate bond,DIRECTION GENERALE DU TRESOR,1.5,2031-05-25,40000,EUR,99.148,PERC,,TWEM,TWEM,TRADEWEB,1,D2C,MTF,DBFTFB,'3605495440058881319
2022-07-06 14:23:50.337000,FR0012993103,Corporate bond,DIRECTION GENERALE DU TRESOR,1.5,2031-05-25,2492081,EUR,99.262,PERC,,TWEM,TWEM,TRADEWEB,1,D2C,MTF,DBFTFB,'3605495440058881165
2022-07-06 13:22:06.688000,FR0012993103,Corporate bond,DIRECTION GENERALE DU TRESOR,1.5,2031-05-25,11000,EUR,99.818,PERC,,TWEM,TWEM,TRADEWEB,1,D2C,MTF,DBFTFB,'3605495440058880068
2022-07-06 11:42:59.322000,FR0012993103,Corporate bond,DIRECTION GENERALE DU TRESOR,1.5,2031-05-25,6000,EUR,99.297,PERC,,TWEM,TWEM,TRADEWEB,1,D2C,MTF,DBFTFB,'3605495440058878981
2022-07-06 09:51:21.291000,FR0012993103,Corporate bond,DIRECTION GENERALE DU TRESOR,1.5,2031-05-25,35000,EUR,99.051,PERC,,TWEM,TWEM,TRADEWEB,1,D2C,MTF,DBFTFB,'3605495440058878114
2022-07-06 09:50:21.732000,FR0012993103,Corporate bond,DIRECTION GENERALE DU TRESOR,1.5,2031-05-25,200000,EUR,99.026,PERC,,TWEM,TWEM,TRADEWEB,1,D2C,MTF,DBFTFB,'3605495440058878073
2022-07-06 09:19:40.935000,FR0012993103,Corporate bond,DIRECTION GENERALE DU TRESOR,1.5,2031-05-25,22000,EUR,99.144,PERC,,TWEM,TWEM,TRADEWEB,1,D2C,MTF,DBFTFB,'3605495440058877713
2022-07-06 08:39:38.634000,FR0012993103,Corporate bond,DIRECTION GENERALE DU TRESOR,1.5,2031-05-25,10000,EUR,98.994,PERC,,TWEM,TWEM,TRADEWEB,1,D2C,MTF,DBFTFB,'3605495440058877190
2022-07-06 07:00:23.424000,FR0012993103,Corporate bond,DIRECTION GENERALE DU TRESOR,1.5,2031-05-25,185000,EUR,98.825,PERC,,TWEM,TWEM,TRADEWEB,1,D2C,MTF,DBFTFB,'3605495440058875926
2022-07-05 15:58:11.100000,FR0012993103,Corporate bond,DIRECTION GENERALE DU TRESOR,1.5,2031-05-25,61000,EUR,99.128,PERC,,TWEM,TWEM,TRADEWEB,1,D2C,MTF,DBFTFB,'3605494340547254448
2022-07-05 15:15:10.891000,FR0012993103,Corporate bond,DIRECTION GENERALE DU TRESOR,1.5,2031-05-25,70000,EUR,98.993,PERC,,TWEM,TWEM,TRADEWEB,1,D2C,MTF,DBFTFB,'3605494340547254033
2022-07-05 15:13:09.635000,FR0012993103,Corporate bond,DIRECTION GENERALE DU TRESOR,1.5,2031-05-25,270000,EUR,98.916,PERC,,TWEM,TWEM,TRADEWEB,1,D2C,MTF,DBFTFB,'3605494340547253820
2022-07-05 13:06:40.058000,FR0012993103,Corporate bond,DIRECTION GENERALE DU TRESOR,1.5,2031-05-25,22000,EUR,98.704,PERC,,TWEM,TWEM,TRADEWEB,1,D2C,MTF,DBFTFB,'3605494340547252222
2022-07-05 08:00:04.557000,FR0012993103,Corporate bond,DIRECTION GENERALE DU TRESOR,1.5,2031-05-25,100000,EUR,98.109,PERC,,TWEM,TWEM,TRADEWEB,1,D2C,MTF,DBFTFB,'3605494340547248763
2022-07-05 07:12:10.164000,FR0012993103,Corporate bond,DIRECTION GENERALE DU TRESOR,1.5,2031-05-25,1531,EUR,98.106,PERC,,TWEM,TWEM,TRADEWEB,1,D2C,MTF,DBFTFB,'3605494340547248229
2022-07-05 05:03:48.000000,FR0012993103,Corporate bond,DIRECTION GENERALE DU TRESOR,1.5,2031-05-25,32080000,EUR,96.589044,PERC,IDAF,TWEM,TWEM,TRADEWEB,5,D2C,MTF,DBFTFB,'7208374042443645516
2022-07-04 15:22:45.942000,FR0012993103,Corporate bond,DIRECTION GENERALE DU TRESOR,1.5,2031-05-25,579000,EUR,97.862,PERC,,TWEM,TWEM,TRADEWEB,1,D2C,MTF,DBFTFB,'3605493241035625885
2022-07-04 15:15:15.203000,FR0012993103,Corporate bond,DIRECTION GENERALE DU TRESOR,1.5,2031-05-25,5000,EUR,97.871,PERC,,TWEM,TWEM,TRADEWEB,1,D2C,MTF,DBFTFB,'3605493241035625616
2022-07-04 15:15:11.695000,FR0012993103,Corporate bond,DIRECTION GENERALE DU TRESOR,1.5,2031-05-25,48100,EUR,97.877,PERC,,TWEM,TWEM,TRADEWEB,1,D2C,MTF,DBFTFB,'3605493241035625573
2022-07-04 15:14:12.338000,FR0012993103,Corporate bond,DIRECTION GENERALE DU TRESOR,1.5,2031-05-25,200000,EUR,97.85,PERC,,TWEM,TWEM,TRADEWEB,1,D2C,MTF,DBFTFB,'3605493241035625399
2022-07-04 14:45:02.553000,FR0012993103,Corporate bond,DIRECTION GENERALE DU TRESOR,1.5,2031-05-25,1000000,EUR,98.098,PERC,,TWEM,TWEM,TRADEWEB,1,D2C,MTF,DBFTFB,'3605493241035624885
2022-07-04 14:27:25.539000,FR0012993103,Corporate bond,DIRECTION GENERALE DU TRESOR,1.5,2031-05-25,42263,EUR,98.115,PERC,,TWEM,TWEM,TRADEWEB,1,D2C,MTF,DBFTFB,'3605493241035624718
2022-07-04 13:42:21.560000,FR0012993103,Corporate bond,DIRECTION GENERALE DU TRESOR,1.5,2031-05-25,3571,EUR,97.867,PERC,,TWEM,TWEM,TRADEWEB,1,D2C,MTF,DBFTFB,'3605493241035624291
2022-07-04 12:51:16.269000,FR0012993103,Corporate bond,DIRECTION GENERALE DU TRESOR,1.5,2031-05-25,65000,EUR,97.985,PERC,,TWEM,TWEM,TRADEWEB,1,D2C,MTF,DBFTFB,'3605493241035623780
2022-07-04 10:14:20.402000,FR0012993103,Corporate bond,DIRECTION GENERALE DU TRESOR,1.5,2031-05-25,4919,EUR,98.142,PERC,,TWEM,TWEM,TRADEWEB,1,D2C,MTF,DBFTFB,'3605493241035622507
2022-07-04 09:35:55.241000,FR0012993103,Corporate bond,DIRECTION GENERALE DU TRESOR,1.5,2031-05-25,100000,EUR,98.023,PERC,,TWEM,TWEM,TRADEWEB,1,D2C,MTF,DBFTFB,'3605493241035621978
2022-07-04 09:03:50.486000,FR0012993103,Corporate bond,DIRECTION GENERALE DU TRESOR,1.5,2031-05-25,50000,EUR,98.307,PERC,,TWEM,TWEM,TRADEWEB,1,D2C,MTF,DBFTFB,'3605493241035621557
2022-07-04 08:06:21.962000,FR0012993103,Corporate bond,DIRECTION GENERALE DU TRESOR,1.5,2031-05-25,50,EUR,98.605,PERC,,TWEM,TWEM,TRADEWEB,1,D2C,MTF,DBFTFB,'3605493241035620934
2022-07-01 15:50:51.703000,FR0012993103,Corporate bond,DIRECTION GENERALE DU TRESOR,1.5,2031-05-25,177000,EUR,99.015,PERC,,TWEM,TWEM,TRADEWEB,1,D2C,MTF,DBFTFB,'3605489942500743926
2022-07-01 14:50:52.921000,FR0012993103,Corporate bond,DIRECTION GENERALE DU TRESOR,1.5,2031-05-25,300000,EUR,99.259,PERC,,TWEM,TWEM,TRADEWEB,1,D2C,MTF,DBFTFB,'3605489942500743053
2022-07-01 14:22:53.627000,FR0012993103,Corporate bond,DIRECTION GENERALE DU TRESOR,1.5,2031-05-25,1000000,EUR,99.28,PERC,,TWEM,TWEM,TRADEWEB,1,D2C,MTF,DBFTFB,'3605489942500742750
2022-07-01 13:35:54.603000,FR0012993103,Corporate bond,DIRECTION GENERALE DU TRESOR,1.5,2031-05-25,10000,EUR,98.823,PERC,,TWEM,TWEM,TRADEWEB,1,D2C,MTF,DBFTFB,'3605489942500742024
2022-07-01 13:27:50.489000,FR0012993103,Corporate bond,DIRECTION GENERALE DU TRESOR,1.5,2031-05-25,200000,EUR,98.779,PERC,,TWEM,TWEM,TRADEWEB,1,D2C,MTF,DBFTFB,'3605489942500741899
2022-07-01 09:43:21.773000,FR0012993103,Corporate bond,DIRECTION GENERALE DU TRESOR,1.5,2031-05-25,2000000,EUR,97.562,PERC,,TWEM,TWEM,TRADEWEB,1,D2C,MTF,DBFTFB,'3605489942500739193
2022-07-01 09:28:32.168000,FR0012993103,Corporate bond,DIRECTION GENERALE DU TRESOR,1.5,2031-05-25,3500,EUR,97.667,PERC,,TWEM,TWEM,TRADEWEB,1,D2C,MTF,DBFTFB,'3605489942500738980
2022-07-01 07:48:02.419000,FR0012993103,Corporate bond,DIRECTION GENERALE DU TRESOR,1.5,2031-05-25,590,EUR,97.71,PERC,,TWEM,TWEM,TRADEWEB,1,D2C,MTF,DBFTFB,'3605489942500737689
2022-06-30 15:27:28.768000,FR0012993103,Corporate bond,DIRECTION GENERALE DU TRESOR,1.5,2031-05-25,118000,EUR,97.791,PERC,,TWEM,TWEM,TRADEWEB,1,D2C,MTF,DBFTFB,'3605488842989119004
2022-06-30 15:25:44.447000,FR0012993103,Corporate bond,DIRECTION GENERALE DU TRESOR,1.5,2031-05-25,3000,EUR,97.829,PERC,,TWEM,TWEM,TRADEWEB,1,D2C,MTF,DBFTFB,'3605488842989118926
2022-06-30 15:24:48.390000,FR0012993103,Corporate bond,DIRECTION GENERALE DU TRESOR,1.5,2031-05-25,7000,EUR,97.833,PERC,,TWEM,TWEM,TRADEWEB,1,D2C,MTF,DBFTFB,'3605488842989118881
2022-06-30 15:24:24.062000,FR0012993103,Corporate bond,DIRECTION GENERALE DU TRESOR,1.5,2031-05-25,11000,EUR,97.845,PERC,,TWEM,TWEM,TRADEWEB,1,D2C,MTF,DBFTFB,'3605488842989118782
2022-06-30 15:16:53.124000,FR0012993103,Corporate bond,DIRECTION GENERALE DU TRESOR,1.5,2031-05-25,103000,EUR,97.74,PERC,,TWEM,TWEM,TRADEWEB,1,D2C,MTF,DBFTFB,'3605488842989118288
2022-06-30 15:16:15.524000,FR0012993103,Corporate bond,DIRECTION GENERALE DU TRESOR,1.5,2031-05-25,53000,EUR,97.76,PERC,,TWEM,TWEM,TRADEWEB,1,D2C,MTF,DBFTFB,'3605488842989117972
2022-06-30 15:16:02.043000,FR0012993103,Corporate bond,DIRECTION GENERALE DU TRESOR,1.5,2031-05-25,5000,EUR,97.744,PERC,,TWEM,TWEM,TRADEWEB,1,D2C,MTF,DBFTFB,'3605488842989117782
2022-06-30 15:16:00.400000,FR0012993103,Corporate bond,DIRECTION GENERALE DU TRESOR,1.5,2031-05-25,1000000,EUR,97.714,PERC,,TWEM,TWEM,TRADEWEB,1,D2C,MTF,DBFTFB,'3605488842989117733
2022-06-30 15:15:14.214000,FR0012993103,Corporate bond,DIRECTION GENERALE DU TRESOR,1.5,2031-05-25,206000,EUR,97.682,PERC,,TWEM,TWEM,TRADEWEB,1,D2C,MTF,DBFTFB,'3605488842989116764
2022-06-30 15:15:13.278000,FR0012993103,Corporate bond,DIRECTION GENERALE DU TRESOR,1.5,2031-05-25,6000,EUR,97.677,PERC,,TWEM,TWEM,TRADEWEB,1,D2C,MTF,DBFTFB,'3605488842989116759
2022-06-30 15:15:07.583000,FR0012993103,Corporate bond,DIRECTION GENERALE DU TRESOR,1.5,2031-05-25,354000,EUR,97.677,PERC,,TWEM,TWEM,TRADEWEB,1,D2C,MTF,DBFTFB,'3605488842989116604
2022-06-30 15:14:19.241000,FR0012993103,Corporate bond,DIRECTION GENERALE DU TRESOR,1.5,2031-05-25,405000,EUR,97.74,PERC,,TWEM,TWEM,TRADEWEB,1,D2C,MTF,DBFTFB,'3605488842989116193
2022-06-30 15:14:10.704000,FR0012993103,Corporate bond,DIRECTION GENERALE DU TRESOR,1.5,2031-05-25,100000,EUR,97.72,PERC,,TWEM,TWEM,TRADEWEB,1,D2C,MTF,DBFTFB,'3605488842989116126
2022-06-30 15:11:40.445000,FR0012993103,Corporate bond,DIRECTION GENERALE DU TRESOR,1.5,2031-05-25,277000,EUR,97.631,PERC,,TWEM,TWEM,TRADEWEB,1,D2C,MTF,DBFTFB,'3605488842989115479
2022-06-30 14:38:41.472000,FR0012993103,Corporate bond,DIRECTION GENERALE DU TRESOR,1.5,2031-05-25,400000,EUR,97.813,PERC,,TWEM,TWEM,TRADEWEB,1,D2C,MTF,DBFTFB,'3605488842989114896
2022-06-30 14:32:44.616000,FR0012993103,Corporate bond,DIRECTION GENERALE DU TRESOR,1.5,2031-05-25,973000,EUR,97.698,PERC,,TWEM,TWEM,TRADEWEB,1,D2C,MTF,DBFTFB,'3605488842989114719
2022-06-30 13:33:35.776000,FR0012993103,Corporate bond,DIRECTION GENERALE DU TRESOR,1.5,2031-05-25,800000,EUR,97.767,PERC,,TWEM,TWEM,TRADEWEB,1,D2C,MTF,DBFTFB,'3605488842989113847
2022-06-30 13:05:57.613000,FR0012993103,Corporate bond,DIRECTION GENERALE DU TRESOR,1.5,2031-05-25,150000,EUR,97.637,PERC,,TWEM,TWEM,TRADEWEB,1,D2C,MTF,DBFTFB,'3605488842989113554
2022-06-30 12:03:58.720000,FR0012993103,Corporate bond,DIRECTION GENERALE DU TRESOR,1.5,2031-05-25,400000,EUR,97.676,PERC,,TWEM,TWEM,TRADEWEB,1,D2C,MTF,DBFTFB,'3605488842989112608
2022-06-30 11:38:49.369000,FR0012993103,Corporate bond,DIRECTION GENERALE DU TRESOR,1.5,2031-05-25,600000,EUR,97.608,PERC,,TWEM,TWEM,TRADEWEB,1,D2C,MTF,DBFTFB,'3605488842989112411
2022-06-30 08:19:43.570000,FR0012993103,Corporate bond,DIRECTION GENERALE DU TRESOR,1.5,2031-05-25,100000,EUR,97.407,PERC,,TWEM,TWEM,TRADEWEB,1,D2C,MTF,DBFTFB,'3605488842989110292
2022-06-30 06:40:02.598000,FR0012993103,Corporate bond,DIRECTION GENERALE DU TRESOR,1.5,2031-05-25,3145,EUR,96.818,PERC,,TWEM,TWEM,TRADEWEB,1,D2C,MTF,DBFTFB,'3605488842989109258
2022-06-29 15:17:31.255000,FR0012993103,Corporate bond,DIRECTION GENERALE DU TRESOR,1.5,2031-05-25,448146,EUR,96.854,PERC,,TWEM,TWEM,TRADEWEB,1,D2C,MTF,DBFTFB,'3605487743477487380
2022-06-29 15:17:14.218000,FR0012993103,Corporate bond,DIRECTION GENERALE DU TRESOR,1.5,2031-05-25,1240575,EUR,96.87,PERC,,TWEM,TWEM,TRADEWEB,1,D2C,MTF,DBFTFB,'3605487743477487370
2022-06-29 15:15:02.880000,FR0012993103,Corporate bond,DIRECTION GENERALE DU TRESOR,1.5,2031-05-25,157000,EUR,96.891,PERC,,TWEM,TWEM,TRADEWEB,1,D2C,MTF,DBFTFB,'3605487743477487281
2022-06-29 15:14:15.474000,FR0012993103,Corporate bond,DIRECTION GENERALE DU TRESOR,1.5,2031-05-25,120000,EUR,96.898,PERC,,TWEM,TWEM,TRADEWEB,1,D2C,MTF,DBFTFB,'3605487743477487209
2022-06-29 15:13:05.001000,FR0012993103,Corporate bond,DIRECTION GENERALE DU TRESOR,1.5,2031-05-25,358000,EUR,96.858,PERC,,TWEM,TWEM,TRADEWEB,1,D2C,MTF,DBFTFB,'3605487743477487171
2022-06-29 14:53:15.597000,FR0012993103,Corporate bond,DIRECTION GENERALE DU TRESOR,1.5,2031-05-25,12191,EUR,96.656,PERC,,TWEM,TWEM,TRADEWEB,1,D2C,MTF,DBFTFB,'3605487743477486790
2022-06-29 14:39:02.984000,FR0012993103,Corporate bond,DIRECTION GENERALE DU TRESOR,1.5,2031-05-25,22000,EUR,96.636,PERC,,TWEM,TWEM,TRADEWEB,1,D2C,MTF,DBFTFB,'3605487743477486421
2022-06-29 10:41:25.553000,FR0012993103,Corporate bond,DIRECTION GENERALE DU TRESOR,1.5,2031-05-25,30000,EUR,96.024,PERC,,TWEM,TWEM,TRADEWEB,1,D2C,MTF,DBFTFB,'3605487743477484105
2022-06-29 07:02:59.622000,FR0012993103,Corporate bond,DIRECTION GENERALE DU TRESOR,1.5,2031-05-25,180000,EUR,96.209,PERC,,TWEM,TWEM,TRADEWEB,1,D2C,MTF,DBFTFB,'3605487743477481518
2022-06-29 06:48:33.453000,FR0012993103,Corporate bond,DIRECTION GENERALE DU TRESOR,1.5,2031-05-25,100000,EUR,96.542,PERC,,TWEM,TWEM,TRADEWEB,1,D2C,MTF,DBFTFB,'3605487743477481483
2022-06-28 15:27:01.917000,FR0012993103,Corporate bond,DIRECTION GENERALE DU TRESOR,1.5,2031-05-25,11726,EUR,95.852,PERC,,TWEM,TWEM,TRADEWEB,1,D2C,MTF,DBFTFB,'3605486643965859518
2022-06-28 15:15:50.912000,FR0012993103,Corporate bond,DIRECTION GENERALE DU TRESOR,1.5,2031-05-25,1110000,EUR,95.809,PERC,,TWEM,TWEM,TRADEWEB,1,D2C,MTF,DBFTFB,'3605486643965859125
2022-06-28 15:15:09.978000,FR0012993103,Corporate bond,DIRECTION GENERALE DU TRESOR,1.5,2031-05-25,100000,EUR,95.864,PERC,,TWEM,TWEM,TRADEWEB,1,D2C,MTF,DBFTFB,'3605486643965858974
2022-06-28 15:14:10.610000,FR0012993103,Corporate bond,DIRECTION GENERALE DU TRESOR,1.5,2031-05-25,100000,EUR,95.885,PERC,,TWEM,TWEM,TRADEWEB,1,D2C,MTF,DBFTFB,'3605486643965858833
2022-06-28 13:06:39.031000,FR0012993103,Corporate bond,DIRECTION GENERALE DU TRESOR,1.5,2031-05-25,1000000,EUR,95.998,PERC,,TWEM,TWEM,TRADEWEB,1,D2C,MTF,DBFTFB,'3605486643965857289
2022-06-28 13:05:45.335000,FR0012993103,Corporate bond,DIRECTION GENERALE DU TRESOR,1.5,2031-05-25,26000,EUR,95.949,PERC,,TWEM,TWEM,TRADEWEB,1,D2C,MTF,DBFTFB,'3605486643965857282
2022-06-28 11:18:00.195000,FR0012993103,Corporate bond,DIRECTION GENERALE DU TRESOR,1.5,2031-05-25,383,EUR,95.755,PERC,,TWEM,TWEM,TRADEWEB,1,D2C,MTF,DBFTFB,'3605486643965856475
2022-06-28 10:35:55.862000,FR0012993103,Corporate bond,DIRECTION GENERALE DU TRESOR,1.5,2031-05-25,100000,EUR,95.917,PERC,,TWEM,TWEM,TRADEWEB,1,D2C,MTF,DBFTFB,'3605486643965855974
2022-06-28 09:55:11.254000,FR0012993103,Corporate bond,DIRECTION GENERALE DU TRESOR,1.5,2031-05-25,100000,EUR,95.84,PERC,,TWEM,TWEM,TRADEWEB,1,D2C,MTF,DBFTFB,'3605486643965855696
2022-06-28 07:53:19.417000,FR0012993103,Corporate bond,DIRECTION GENERALE DU TRESOR,1.5,2031-05-25,200000,EUR,96.128,PERC,,TWEM,TWEM,TRADEWEB,1,D2C,MTF,DBFTFB,'3605486643965854307
2022-06-28 05:03:46.000000,FR0012993103,Corporate bond,DIRECTION GENERALE DU TRESOR,1.5,2031-05-25,44540000,EUR,95.52416,PERC,IDAF,TWEM,TWEM,TRADEWEB,7,D2C,MTF,DBFTFB,'7208366345862251133
2022-06-27 15:48:37.357000,FR0012993103,Corporate bond,DIRECTION GENERALE DU TRESOR,1.5,2031-05-25,11072,EUR,96.615,PERC,,TWEM,TWEM,TRADEWEB,1,D2C,MTF,DBFTFB,'3605485544454231859
2022-06-27 15:15:09.033000,FR0012993103,Corporate bond,DIRECTION GENERALE DU TRESOR,1.5,2031-05-25,28000,EUR,96.742,PERC,,TWEM,TWEM,TRADEWEB,1,D2C,MTF,DBFTFB,'3605485544454231264
2022-06-27 15:01:04.244000,FR0012993103,Corporate bond,DIRECTION GENERALE DU TRESOR,1.5,2031-05-25,396000,EUR,96.652,PERC,,TWEM,TWEM,TRADEWEB,1,D2C,MTF,DBFTFB,'3605485544454230916
2022-06-27 13:28:52.252000,FR0012993103,Corporate bond,DIRECTION GENERALE DU TRESOR,1.5,2031-05-25,1000000,EUR,96.559,PERC,,TWEM,TWEM,TRADEWEB,1,D2C,MTF,DBFTFB,'3605485544454229840
2022-06-27 11:32:41.007000,FR0012993103,Corporate bond,DIRECTION GENERALE DU TRESOR,1.5,2031-05-25,25000,EUR,96.633,PERC,,TWEM,TWEM,TRADEWEB,1,D2C,MTF,DBFTFB,'3605485544454228560
2022-06-27 09:36:38.577000,FR0012993103,Corporate bond,DIRECTION GENERALE DU TRESOR,1.5,2031-05-25,58000,EUR,96.856,PERC,,TWEM,TWEM,TRADEWEB,1,D2C,MTF,DBFTFB,'3605485544454227644
2022-06-24 16:00:37.081000,FR0012993103,Corporate bond,DIRECTION GENERALE DU TRESOR,1.5,2031-05-25,250000,EUR,97.499,PERC,,TWEM,TWEM,TRADEWEB,1,D2C,MTF,DBFTFB,'3605482245919348437
2022-06-24 15:42:12.797000,FR0012993103,Corporate bond,DIRECTION GENERALE DU TRESOR,1.5,2031-05-25,1360,EUR,97.507,PERC,,TWEM,TWEM,TRADEWEB,1,D2C,MTF,DBFTFB,'3605482245919348294
2022-06-24 15:20:24.856000,FR0012993103,Corporate bond,DIRECTION GENERALE DU TRESOR,1.5,2031-05-25,82,EUR,97.497,PERC,,TWEM,TWEM,TRADEWEB,1,D2C,MTF,DBFTFB,'3605482245919348202
2022-06-24 15:08:44.155000,FR0012993103,Corporate bond,DIRECTION GENERALE DU TRESOR,1.5,2031-05-25,4010,EUR,97.531,PERC,,TWEM,TWEM,TRADEWEB,1,D2C,MTF,DBFTFB,'3605482245919347606
2022-06-24 14:56:03.654000,FR0012993103,Corporate bond,DIRECTION GENERALE DU TRESOR,1.5,2031-05-25,2000000,EUR,97.448,PERC,,TWEM,TWEM,TRADEWEB,1,D2C,MTF,DBFTFB,'3605482245919347451
2022-06-24 14:50:00.795000,FR0012993103,Corporate bond,DIRECTION GENERALE DU TRESOR,1.5,2031-05-25,400000,EUR,97.475,PERC,,TWEM,TWEM,TRADEWEB,1,D2C,MTF,DBFTFB,'3605482245919347314
2022-06-24 14:06:29.820000,FR0012993103,Corporate bond,DIRECTION GENERALE DU TRESOR,1.5,2031-05-25,40000000,EUR,97.473,PERC,FULV SIZE TPAC,TWEM,TWEM,TRADEWEB,1,D2C,MTF,DBFTFB,'7208397132187836148
2022-06-24 12:35:51.923000,FR0012993103,Corporate bond,DIRECTION GENERALE DU TRESOR,1.5,2031-05-25,30000,EUR,97.135,PERC,,TWEM,TWEM,TRADEWEB,1,D2C,MTF,DBFTFB,'3605482245919345895
2022-06-24 11:55:58.622000,FR0012993103,Corporate bond,DIRECTION GENERALE DU TRESOR,1.5,2031-05-25,175000,EUR,97.019,PERC,,TWEM,TWEM,TRADEWEB,1,D2C,MTF,DBFTFB,'3605482245919345631
2022-06-24 10:21:20.645000,FR0012993103,Corporate bond,DIRECTION GENERALE DU TRESOR,1.5,2031-05-25,18000,EUR,97.168,PERC,,TWEM,TWEM,TRADEWEB,1,D2C,MTF,DBFTFB,'3605482245919344775
2022-06-24 09:55:56.656000,FR0012993103,Corporate bond,DIRECTION GENERALE DU TRESOR,1.5,2031-05-25,30000,EUR,97.38,PERC,,TWEM,TWEM,TRADEWEB,1,D2C,MTF,DBFTFB,'3605482245919344434
2022-06-24 09:30:05.141000,FR0012993103,Corporate bond,DIRECTION GENERALE DU TRESOR,1.5,2031-05-25,1201000,EUR,97.225,PERC,,TWEM,TWEM,TRADEWEB,1,D2C,MTF,DBFTFB,'3605482245919344254
2022-06-24 09:12:33.135000,FR0012993103,Corporate bond,DIRECTION GENERALE DU TRESOR,1.5,2031-05-25,26000,EUR,97.403,PERC,,TWEM,TWEM,TRADEWEB,1,D2C,MTF,DBFTFB,'3605482245919344005
2022-06-24 09:12:21.371000,FR0012993103,Corporate bond,DIRECTION GENERALE DU TRESOR,1.5,2031-05-25,23000,EUR,97.423,PERC,,TWEM,TWEM,TRADEWEB,1,D2C,MTF,DBFTFB,'3605482245919343980
2022-06-24 08:26:35.707000,FR0012993103,Corporate bond,DIRECTION GENERALE DU TRESOR,1.5,2031-05-25,500000,EUR,97.677,PERC,,TWEM,TWEM,TRADEWEB,1,D2C,MTF,DBFTFB,'3605482245919343439
2022-06-24 08:00:30.579000,FR0012993103,Corporate bond,DIRECTION GENERALE DU TRESOR,1.5,2031-05-25,2000000,EUR,98.025,PERC,,TWEM,TWEM,TRADEWEB,1,D2C,MTF,DBFTFB,'3605482245919343081
2022-06-23 15:21:34.026000,FR0012993103,Corporate bond,DIRECTION GENERALE DU TRESOR,1.5,2031-05-25,150000,EUR,97.569,PERC,,TWEM,TWEM,TRADEWEB,1,D2C,MTF,DBFTFB,'3605481146407719996
2022-06-23 15:19:52.361000,FR0012993103,Corporate bond,DIRECTION GENERALE DU TRESOR,1.5,2031-05-25,756000,EUR,97.604,PERC,,TWEM,TWEM,TRADEWEB,1,D2C,MTF,DBFTFB,'3605481146407719976
2022-06-23 12:46:59.516000,FR0012993103,Corporate bond,DIRECTION GENERALE DU TRESOR,1.5,2031-05-25,250000,EUR,97.216,PERC,,TWEM,TWEM,TRADEWEB,1,D2C,MTF,DBFTFB,'3605481146407718385
2022-06-23 12:46:19.530000,FR0012993103,Corporate bond,DIRECTION GENERALE DU TRESOR,1.5,2031-05-25,50000,EUR,97.241,PERC,,TWEM,TWEM,TRADEWEB,1,D2C,MTF,DBFTFB,'3605481146407718375
2022-06-23 09:46:07.150000,FR0012993103,Corporate bond,DIRECTION GENERALE DU TRESOR,1.5,2031-05-25,200000,EUR,97.397,PERC,,TWEM,TWEM,TRADEWEB,1,D2C,MTF,DBFTFB,'3605481146407716709
2022-06-22 15:15:08.313000,FR0012993103,Corporate bond,DIRECTION GENERALE DU TRESOR,1.5,2031-05-25,640000,EUR,95.887,PERC,,TWEM,TWEM,TRADEWEB,1,D2C,MTF,DBFTFB,'3605480046896092930
2022-06-22 14:47:31.434000,FR0012993103,Corporate bond,DIRECTION GENERALE DU TRESOR,1.5,2031-05-25,84000,EUR,95.893,PERC,,TWEM,TWEM,TRADEWEB,1,D2C,MTF,DBFTFB,'3605480046896092524
2022-06-22 10:22:53.317000,FR0012993103,Corporate bond,DIRECTION GENERALE DU TRESOR,1.5,2031-05-25,28000,EUR,95.335,PERC,,TWEM,TWEM,TRADEWEB,1,D2C,MTF,DBFTFB,'3605480046896089723
2022-06-22 09:25:56.438000,FR0012993103,Corporate bond,DIRECTION GENERALE DU TRESOR,1.5,2031-05-25,370000,EUR,95.304,PERC,,TWEM,TWEM,TRADEWEB,1,D2C,MTF,DBFTFB,'3605480046896088987
2022-06-22 09:18:23.338000,FR0012993103,Corporate bond,DIRECTION GENERALE DU TRESOR,1.5,2031-05-25,500000,EUR,95.272,PERC,,TWEM,TWEM,TRADEWEB,1,D2C,MTF,DBFTFB,'3605480046896088857
2022-06-22 08:52:53.277000,FR0012993103,Corporate bond,DIRECTION GENERALE DU TRESOR,1.5,2031-05-25,200000,EUR,95.187,PERC,,TWEM,TWEM,TRADEWEB,1,D2C,MTF,DBFTFB,'3605480046896088419
2022-06-21 15:44:00.372000,FR0012993103,Corporate bond,DIRECTION GENERALE DU TRESOR,1.5,2031-05-25,432000,EUR,94.645,PERC,,TWEM,TWEM,TRADEWEB,1,D2C,MTF,DBFTFB,'3605478947384466111
2022-06-21 15:14:39.699000,FR0012993103,Corporate bond,DIRECTION GENERALE DU TRESOR,1.5,2031-05-25,21000,EUR,94.549,PERC,,TWEM,TWEM,TRADEWEB,1,D2C,MTF,DBFTFB,'3605478947384465890
2022-06-21 15:02:22.478000,FR0012993103,Corporate bond,DIRECTION GENERALE DU TRESOR,1.5,2031-05-25,31000,EUR,94.597,PERC,,TWEM,TWEM,TRADEWEB,1,D2C,MTF,DBFTFB,'3605478947384465605
2022-06-21 14:41:41.387000,FR0012993103,Corporate bond,DIRECTION GENERALE DU TRESOR,1.5,2031-05-25,600000,EUR,94.69,PERC,,TWEM,TWEM,TRADEWEB,1,D2C,MTF,DBFTFB,'3605478947384465399
2022-06-21 13:49:38.912000,FR0012993103,Corporate bond,DIRECTION GENERALE DU TRESOR,1.5,2031-05-25,290,EUR,94.591,PERC,,TWEM,TWEM,TRADEWEB,1,D2C,MTF,DBFTFB,'3605478947384464608
2022-06-21 13:30:04.527000,FR0012993103,Corporate bond,DIRECTION GENERALE DU TRESOR,1.5,2031-05-25,2278000,EUR,94.486,PERC,,TWEM,TWEM,TRADEWEB,1,D2C,MTF,DBFTFB,'3605478947384464291
2022-06-21 12:06:52.918000,FR0012993103,Corporate bond,DIRECTION GENERALE DU TRESOR,1.5,2031-05-25,1000000,EUR,94.484,PERC,,TWEM,TWEM,TRADEWEB,1,D2C,MTF,DBFTFB,'3605478947384463337
2022-06-21 10:30:03.117000,FR0012993103,Corporate bond,DIRECTION GENERALE DU TRESOR,1.5,2031-05-25,1756000,EUR,94.681,PERC,,TWEM,TWEM,TRADEWEB,1,D2C,MTF,DBFTFB,'3605478947384462402
2022-06-21 09:59:13.226000,FR0012993103,Corporate bond,DIRECTION GENERALE DU TRESOR,1.5,2031-05-25,1200000,EUR,94.807,PERC,,TWEM,TWEM,TRADEWEB,1,D2C,MTF,DBFTFB,'3605478947384461898
2022-06-21 09:46:33.430000,FR0012993103,Corporate bond,DIRECTION GENERALE DU TRESOR,1.5,2031-05-25,250000,EUR,94.99,PERC,,TWEM,TWEM,TRADEWEB,1,D2C,MTF,DBFTFB,'3605478947384461741
2022-06-21 09:30:03.322000,FR0012993103,Corporate bond,DIRECTION GENERALE DU TRESOR,1.5,2031-05-25,2886000,EUR,94.938,PERC,,TWEM,TWEM,TRADEWEB,1,D2C,MTF,DBFTFB,'3605478947384461520
2022-06-21 09:26:09.227000,FR0012993103,Corporate bond,DIRECTION GENERALE DU TRESOR,1.5,2031-05-25,53,EUR,95.017,PERC,,TWEM,TWEM,TRADEWEB,1,D2C,MTF,DBFTFB,'3605478947384461475
2022-06-21 09:16:49.793000,FR0012993103,Corporate bond,DIRECTION GENERALE DU TRESOR,1.5,2031-05-25,37000,EUR,94.94,PERC,,TWEM,TWEM,TRADEWEB,1,D2C,MTF,DBFTFB,'3605478947384461229
2022-06-21 08:37:34.483000,FR0012993103,Corporate bond,DIRECTION GENERALE DU TRESOR,1.5,2031-05-25,600000,EUR,94.828,PERC,,TWEM,TWEM,TRADEWEB,1,D2C,MTF,DBFTFB,'3605478947384460621
2022-06-21 05:03:31.000000,FR0012993103,Corporate bond,DIRECTION GENERALE DU TRESOR,1.5,2031-05-25,256792000,EUR,95.354195,PERC,IDAF,TWEM,TWEM,TRADEWEB,13,D2C,MTF,DBFTFB,'7208358649280856638
2022-06-20 15:53:50.463000,FR0012993103,Corporate bond,DIRECTION GENERALE DU TRESOR,1.5,2031-05-25,142000,EUR,94.761,PERC,,TWEM,TWEM,TRADEWEB,1,D2C,MTF,DBFTFB,'3605477847872837573
2022-06-20 15:20:32.736000,FR0012993103,Corporate bond,DIRECTION GENERALE DU TRESOR,1.5,2031-05-25,85000,EUR,94.869,PERC,,TWEM,TWEM,TRADEWEB,1,D2C,MTF,DBFTFB,'3605477847872837379
2022-06-20 15:14:10.717000,FR0012993103,Corporate bond,DIRECTION GENERALE DU TRESOR,1.5,2031-05-25,300000,EUR,94.87,PERC,,TWEM,TWEM,TRADEWEB,1,D2C,MTF,DBFTFB,'3605477847872837238
2022-06-20 15:14:07.812000,FR0012993103,Corporate bond,DIRECTION GENERALE DU TRESOR,1.5,2031-05-25,500000,EUR,94.869,PERC,,TWEM,TWEM,TRADEWEB,1,D2C,MTF,DBFTFB,'3605477847872837212
2022-06-20 14:47:38.147000,FR0012993103,Corporate bond,DIRECTION GENERALE DU TRESOR,1.5,2031-05-25,800000,EUR,94.98,PERC,,TWEM,TWEM,TRADEWEB,1,D2C,MTF,DBFTFB,'3605477847872836892
2022-06-20 14:26:14.142000,FR0012993103,Corporate bond,DIRECTION GENERALE DU TRESOR,1.5,2031-05-25,53000,EUR,95.148,PERC,,TWEM,TWEM,TRADEWEB,1,D2C,MTF,DBFTFB,'3605477847872836695
2022-06-20 14:00:04.913000,FR0012993103,Corporate bond,DIRECTION GENERALE DU TRESOR,1.5,2031-05-25,2068000,EUR,95.118,PERC,,TWEM,TWEM,TRADEWEB,1,D2C,MTF,DBFTFB,'3605477847872836304
2022-06-20 13:15:13.785000,FR0012993103,Corporate bond,DIRECTION GENERALE DU TRESOR,1.5,2031-05-25,42000,EUR,95.17,PERC,,TWEM,TWEM,TRADEWEB,1,D2C,MTF,DBFTFB,'3605477847872835896
2022-06-20 13:04:34.550000,FR0012993103,Corporate bond,DIRECTION GENERALE DU TRESOR,1.5,2031-05-25,30950000,EUR,95.224,PERC,FULV SIZE TPAC,TWEM,TWEM,TRADEWEB,1,D2C,MTF,DBFTFB,'7208390535118061975
2022-06-20 10:55:51.286000,FR0012993103,Corporate bond,DIRECTION GENERALE DU TRESOR,1.5,2031-05-25,50000,EUR,95.393,PERC,,TWEM,TWEM,TRADEWEB,1,D2C,MTF,DBFTFB,'3605477847872834316
2022-06-20 09:12:14.816000,FR0012993103,Corporate bond,DIRECTION GENERALE DU TRESOR,1.5,2031-05-25,1954,EUR,95.559,PERC,,TWEM,TWEM,TRADEWEB,1,D2C,MTF,DBFTFB,'3605477847872833145
2022-06-20 08:56:52.384000,FR0012993103,Corporate bond,DIRECTION GENERALE DU TRESOR,1.5,2031-05-25,30000,EUR,95.654,PERC,,TWEM,TWEM,TRADEWEB,1,D2C,MTF,DBFTFB,'3605477847872832921
2022-06-20 08:30:05.907000,FR0012993103,Corporate bond,DIRECTION GENERALE DU TRESOR,1.5,2031-05-25,1243000,EUR,95.619,PERC,,TWEM,TWEM,TRADEWEB,1,D2C,MTF,DBFTFB,'3605477847872832496
2022-06-17 15:21:30.754000,FR0012993103,Corporate bond,DIRECTION GENERALE DU TRESOR,1.5,2031-05-25,96000,EUR,95.547,PERC,,TWEM,TWEM,TRADEWEB,1,D2C,MTF,DBFTFB,'3605474549337954831
2022-06-17 15:14:33.561000,FR0012993103,Corporate bond,DIRECTION GENERALE DU TRESOR,1.5,2031-05-25,100000,EUR,95.504,PERC,,TWEM,TWEM,TRADEWEB,1,D2C,MTF,DBFTFB,'3605474549337954700
2022-06-17 10:48:17.248000,FR0012993103,Corporate bond,DIRECTION GENERALE DU TRESOR,1.5,2031-05-25,10000,EUR,95.663,PERC,,TWEM,TWEM,TRADEWEB,1,D2C,MTF,DBFTFB,'3605474549337951364
2022-06-17 10:15:20.179000,FR0012993103,Corporate bond,DIRECTION GENERALE DU TRESOR,1.5,2031-05-25,100000,EUR,95.702,PERC,,TWEM,TWEM,TRADEWEB,1,D2C,MTF,DBFTFB,'3605474549337951136
2022-06-17 10:00:07.353000,FR0012993103,Corporate bond,DIRECTION GENERALE DU TRESOR,1.5,2031-05-25,2190000,EUR,95.852,PERC,,TWEM,TWEM,TRADEWEB,1,D2C,MTF,DBFTFB,'3605474549337950808
2022-06-17 08:43:44.654000,FR0012993103,Corporate bond,DIRECTION GENERALE DU TRESOR,1.5,2031-05-25,980000,EUR,95.649,PERC,,TWEM,TWEM,TRADEWEB,1,D2C,MTF,DBFTFB,'3605474549337949706
2022-06-16 15:52:46.675000,FR0012993103,Corporate bond,DIRECTION GENERALE DU TRESOR,1.5,2031-05-25,185000,EUR,95.105,PERC,,TWEM,TWEM,TRADEWEB,1,D2C,MTF,DBFTFB,'3605473449826327987
2022-06-16 15:14:36.258000,FR0012993103,Corporate bond,DIRECTION GENERALE DU TRESOR,1.5,2031-05-25,200000,EUR,95.131,PERC,,TWEM,TWEM,TRADEWEB,1,D2C,MTF,DBFTFB,'3605473449826327483
2022-06-16 15:06:58.270000,FR0012993103,Corporate bond,DIRECTION GENERALE DU TRESOR,1.5,2031-05-25,303000,EUR,94.908,PERC,,TWEM,TWEM,TRADEWEB,1,D2C,MTF,DBFTFB,'3605473449826327087
2022-06-16 13:13:38.980000,FR0012993103,Corporate bond,DIRECTION GENERALE DU TRESOR,1.5,2031-05-25,600000,EUR,94.263,PERC,,TWEM,TWEM,TRADEWEB,1,D2C,MTF,DBFTFB,'3605473449826325519
2022-06-16 10:15:19.160000,FR0012993103,Corporate bond,DIRECTION GENERALE DU TRESOR,1.5,2031-05-25,180000,EUR,94.134,PERC,,TWEM,TWEM,TRADEWEB,1,D2C,MTF,DBFTFB,'3605473449826323313
2022-06-15 15:36:48.121000,FR0012993103,Corporate bond,DIRECTION GENERALE DU TRESOR,1.5,2031-05-25,111000,EUR,95.289,PERC,,TWEM,TWEM,TRADEWEB,1,D2C,MTF,DBFTFB,'3605472350314702017
2022-06-15 15:18:33.253000,FR0012993103,Corporate bond,DIRECTION GENERALE DU TRESOR,1.5,2031-05-25,255320,EUR,95.393,PERC,,TWEM,TWEM,TRADEWEB,1,D2C,MTF,DBFTFB,'3605472350314701636
2022-06-15 15:14:37.192000,FR0012993103,Corporate bond,DIRECTION GENERALE DU TRESOR,1.5,2031-05-25,100000,EUR,95.478,PERC,,TWEM,TWEM,TRADEWEB,1,D2C,MTF,DBFTFB,'3605472350314701356
2022-06-15 15:00:49.071000,FR0012993103,Corporate bond,DIRECTION GENERALE DU TRESOR,1.5,2031-05-25,1909000,EUR,95.468,PERC,,TWEM,TWEM,TRADEWEB,1,D2C,MTF,DBFTFB,'3605472350314700858
2022-06-15 14:30:42.833000,FR0012993103,Corporate bond,DIRECTION GENERALE DU TRESOR,1.5,2031-05-25,2100000,EUR,95.644,PERC,,TWEM,TWEM,TRADEWEB,1,D2C,MTF,DBFTFB,'3605472350314700329
2022-06-15 14:03:04.291000,FR0012993103,Corporate bond,DIRECTION GENERALE DU TRESOR,1.5,2031-05-25,646000,EUR,95.926,PERC,,TWEM,TWEM,TRADEWEB,1,D2C,MTF,DBFTFB,'3605472350314699812
2022-06-15 13:49:51.047000,FR0012993103,Corporate bond,DIRECTION GENERALE DU TRESOR,1.5,2031-05-25,34000,EUR,95.739,PERC,,TWEM,TWEM,TRADEWEB,1,D2C,MTF,DBFTFB,'3605472350314699542
2022-06-15 12:34:53.059000,FR0012993103,Corporate bond,DIRECTION GENERALE DU TRESOR,1.5,2031-05-25,2000000,EUR,95.227,PERC,,TWEM,TWEM,TRADEWEB,1,D2C,MTF,DBFTFB,'3605472350314698245
2022-06-15 12:00:04.319000,FR0012993103,Corporate bond,DIRECTION GENERALE DU TRESOR,1.5,2031-05-25,1328000,EUR,95.506,PERC,,TWEM,TWEM,TRADEWEB,1,D2C,MTF,DBFTFB,'3605472350314697859
2022-06-15 08:32:33.494000,FR0012993103,Corporate bond,DIRECTION GENERALE DU TRESOR,1.5,2031-05-25,16000,EUR,94.423,PERC,,TWEM,TWEM,TRADEWEB,1,D2C,MTF,DBFTFB,'3605472350314694324
2022-06-15 08:00:06.979000,FR0012993103,Corporate bond,DIRECTION GENERALE DU TRESOR,1.5,2031-05-25,1191000,EUR,94.428,PERC,,TWEM,TWEM,TRADEWEB,1,D2C,MTF,DBFTFB,'3605472350314693624
2022-06-15 07:44:46.190000,FR0012993103,Corporate bond,DIRECTION GENERALE DU TRESOR,1.5,2031-05-25,35000,EUR,94.738,PERC,,TWEM,TWEM,TRADEWEB,1,D2C,MTF,DBFTFB,'3605472350314693340
2022-06-14 15:31:19.696000,FR0012993103,Corporate bond,DIRECTION GENERALE DU TRESOR,1.5,2031-05-25,73000,EUR,94.206,PERC,,TWEM,TWEM,TRADEWEB,1,D2C,MTF,DBFTFB,'3605471250803073031
2022-06-14 15:09:25.322000,FR0012993103,Corporate bond,DIRECTION GENERALE DU TRESOR,1.5,2031-05-25,1400000,EUR,94.522,PERC,,TWEM,TWEM,TRADEWEB,1,D2C,MTF,DBFTFB,'3605471250803072419
2022-06-14 14:28:53.820000,FR0012993103,Corporate bond,DIRECTION GENERALE DU TRESOR,1.5,2031-05-25,50000,EUR,94.635,PERC,,TWEM,TWEM,TRADEWEB,1,D2C,MTF,DBFTFB,'3605471250803071755
2022-06-14 13:01:04.661000,FR0012993103,Corporate bond,DIRECTION GENERALE DU TRESOR,1.5,2031-05-25,188000,EUR,95.004,PERC,,TWEM,TWEM,TRADEWEB,1,D2C,MTF,DBFTFB,'3605471250803070182
2022-06-14 12:22:37.525000,FR0012993103,Corporate bond,DIRECTION GENERALE DU TRESOR,1.5,2031-05-25,800000,EUR,94.812,PERC,,TWEM,TWEM,TRADEWEB,1,D2C,MTF,DBFTFB,'3605471250803069602
2022-06-14 10:35:55.793000,FR0012993103,Corporate bond,DIRECTION GENERALE DU TRESOR,1.5,2031-05-25,4000,EUR,95.023,PERC,,TWEM,TWEM,TRADEWEB,1,D2C,MTF,DBFTFB,'3605471250803068402
2022-06-14 10:15:13.256000,FR0012993103,Corporate bond,DIRECTION GENERALE DU TRESOR,1.5,2031-05-25,29000,EUR,95.023,PERC,,TWEM,TWEM,TRADEWEB,1,D2C,MTF,DBFTFB,'3605471250803068175
2022-06-14 10:08:42.132000,FR0012993103,Corporate bond,DIRECTION GENERALE DU TRESOR,1.5,2031-05-25,554000,EUR,95.003,PERC,,TWEM,TWEM,TRADEWEB,1,D2C,MTF,DBFTFB,'3605471250803068074
2022-06-14 09:35:03.430000,FR0012993103,Corporate bond,DIRECTION GENERALE DU TRESOR,1.5,2031-05-25,70000,EUR,94.889,PERC,,TWEM,TWEM,TRADEWEB,1,D2C,MTF,DBFTFB,'3605471250803067511
2022-06-14 09:30:05.077000,FR0012993103,Corporate bond,DIRECTION GENERALE DU TRESOR,1.5,2031-05-25,2425000,EUR,94.938,PERC,,TWEM,TWEM,TRADEWEB,1,D2C,MTF,DBFTFB,'3605471250803067447
2022-06-14 06:42:40.365000,FR0012993103,Corporate bond,DIRECTION GENERALE DU TRESOR,1.5,2031-05-25,1700000,EUR,95.178,PERC,,TWEM,TWEM,TRADEWEB,1,D2C,MTF,DBFTFB,'3605471250803064866
2022-06-14 05:03:21.000000,FR0012993103,Corporate bond,DIRECTION GENERALE DU TRESOR,1.5,2031-05-25,106600000,EUR,98.230702,PERC,IDAF,TWEM,TWEM,TRADEWEB,4,D2C,MTF,DBFTFB,'7208350952699462181
2022-06-13 15:25:34.184000,FR0012993103,Corporate bond,DIRECTION GENERALE DU TRESOR,1.5,2031-05-25,300000,EUR,95.161,PERC,,TWEM,TWEM,TRADEWEB,1,D2C,MTF,DBFTFB,'3605470151291445188
2022-06-13 15:13:15.191000,FR0012993103,Corporate bond,DIRECTION GENERALE DU TRESOR,1.5,2031-05-25,243000,EUR,95.244,PERC,,TWEM,TWEM,TRADEWEB,1,D2C,MTF,DBFTFB,'3605470151291444775
2022-06-13 15:06:34.608000,FR0012993103,Corporate bond,DIRECTION GENERALE DU TRESOR,1.5,2031-05-25,177000,EUR,95.249,PERC,,TWEM,TWEM,TRADEWEB,1,D2C,MTF,DBFTFB,'3605470151291444580
2022-06-13 14:49:00.234000,FR0012993103,Corporate bond,DIRECTION GENERALE DU TRESOR,1.5,2031-05-25,900000,EUR,95.316,PERC,,TWEM,TWEM,TRADEWEB,1,D2C,MTF,DBFTFB,'3605470151291444197
2022-06-13 14:37:56.592000,FR0012993103,Corporate bond,DIRECTION GENERALE DU TRESOR,1.5,2031-05-25,900000,EUR,95.295,PERC,,TWEM,TWEM,TRADEWEB,1,D2C,MTF,DBFTFB,'3605470151291444002
2022-06-13 14:13:20.315000,FR0012993103,Corporate bond,DIRECTION GENERALE DU TRESOR,1.5,2031-05-25,7000,EUR,95.545,PERC,,TWEM,TWEM,TRADEWEB,1,D2C,MTF,DBFTFB,'3605470151291443510
2022-06-13 14:05:51.170000,FR0012993103,Corporate bond,DIRECTION GENERALE DU TRESOR,1.5,2031-05-25,100000,EUR,95.551,PERC,,TWEM,TWEM,TRADEWEB,1,D2C,MTF,DBFTFB,'3605470151291443336
2022-06-13 13:42:08.774000,FR0012993103,Corporate bond,DIRECTION GENERALE DU TRESOR,1.5,2031-05-25,181000,EUR,95.485,PERC,,TWEM,TWEM,TRADEWEB,1,D2C,MTF,DBFTFB,'3605470151291442822
2022-06-13 12:33:05.981000,FR0012993103,Corporate bond,DIRECTION GENERALE DU TRESOR,1.5,2031-05-25,500000,EUR,95.647,PERC,,TWEM,TWEM,TRADEWEB,1,D2C,MTF,DBFTFB,'3605470151291441822
2022-06-13 10:11:08.459000,FR0012993103,Corporate bond,DIRECTION GENERALE DU TRESOR,1.5,2031-05-25,16000,EUR,95.706,PERC,,TWEM,TWEM,TRADEWEB,1,D2C,MTF,DBFTFB,'3605470151291440130
2022-06-13 08:55:50.804000,FR0012993103,Corporate bond,DIRECTION GENERALE DU TRESOR,1.5,2031-05-25,50000,EUR,95.867,PERC,,TWEM,TWEM,TRADEWEB,1,D2C,MTF,DBFTFB,'3605470151291438878
2022-06-13 07:45:53.504000,FR0012993103,Corporate bond,DIRECTION GENERALE DU TRESOR,1.5,2031-05-25,95000,EUR,95.776,PERC,,TWEM,TWEM,TRADEWEB,1,D2C,MTF,DBFTFB,'3605470151291437670
2022-06-10 15:13:26.383000,FR0012993103,Corporate bond,DIRECTION GENERALE DU TRESOR,1.5,2031-05-25,140000,EUR,96.545,PERC,,TWEM,TWEM,TRADEWEB,1,D2C,MTF,DBFTFB,'3605466852756559886
2022-06-10 12:00:03.090000,FR0012993103,Corporate bond,DIRECTION GENERALE DU TRESOR,1.5,2031-05-25,1253000,EUR,97.262,PERC,,TWEM,TWEM,TRADEWEB,1,D2C,MTF,DBFTFB,'3605466852756557019
2022-06-10 11:53:25.196000,FR0012993103,Corporate bond,DIRECTION GENERALE DU TRESOR,1.5,2031-05-25,3980,EUR,97.339,PERC,,TWEM,TWEM,TRADEWEB,1,D2C,MTF,DBFTFB,'3605466852756556967
2022-06-10 08:07:43.113000,FR0012993103,Corporate bond,DIRECTION GENERALE DU TRESOR,1.5,2031-05-25,83000,EUR,97.316,PERC,,TWEM,TWEM,TRADEWEB,1,D2C,MTF,DBFTFB,'3605466852756554739
2022-06-10 08:05:46.670000,FR0012993103,Corporate bond,DIRECTION GENERALE DU TRESOR,1.5,2031-05-25,5000,EUR,97.312,PERC,,TWEM,TWEM,TRADEWEB,1,D2C,MTF,DBFTFB,'3605466852756554710
2022-06-10 07:49:57.855000,FR0012993103,Corporate bond,DIRECTION GENERALE DU TRESOR,1.5,2031-05-25,300000,EUR,97.277,PERC,,TWEM,TWEM,TRADEWEB,1,D2C,MTF,DBFTFB,'3605466852756554494
2022-06-10 07:00:22.544000,FR0012993103,Corporate bond,DIRECTION GENERALE DU TRESOR,1.5,2031-05-25,95000,EUR,97.204,PERC,,TWEM,TWEM,TRADEWEB,1,D2C,MTF,DBFTFB,'3605466852756553754
2022-06-09 15:13:14.483000,FR0012993103,Corporate bond,DIRECTION GENERALE DU TRESOR,1.5,2031-05-25,799000,EUR,97.426,PERC,,TWEM,TWEM,TRADEWEB,1,D2C,MTF,DBFTFB,'3605465753244931571
2022-06-09 15:05:57.985000,FR0012993103,Corporate bond,DIRECTION GENERALE DU TRESOR,1.5,2031-05-25,50000,EUR,97.421,PERC,,TWEM,TWEM,TRADEWEB,1,D2C,MTF,DBFTFB,'3605465753244931476
2022-06-09 14:59:39.294000,FR0012993103,Corporate bond,DIRECTION GENERALE DU TRESOR,1.5,2031-05-25,5000000,EUR,97.379,PERC,FULV SIZE TPAC,TWEM,TWEM,TRADEWEB,1,D2C,MTF,DBFTFB,'7208380639513412379
2022-06-09 12:16:10.452000,FR0012993103,Corporate bond,DIRECTION GENERALE DU TRESOR,1.5,2031-05-25,300000,EUR,97.48,PERC,,TWEM,TWEM,TRADEWEB,1,D2C,MTF,DBFTFB,'3605465753244929049
2022-06-09 11:46:35.661000,FR0012993103,Corporate bond,DIRECTION GENERALE DU TRESOR,1.5,2031-05-25,974,EUR,98.47,PERC,,TWEM,TWEM,TRADEWEB,1,D2C,MTF,DBFTFB,'3605465753244928771
2022-06-09 11:25:52.762000,FR0012993103,Corporate bond,DIRECTION GENERALE DU TRESOR,1.5,2031-05-25,15000,EUR,98.304,PERC,,TWEM,TWEM,TRADEWEB,1,D2C,MTF,DBFTFB,'3605465753244928596
2022-06-09 10:16:17.536000,FR0012993103,Corporate bond,DIRECTION GENERALE DU TRESOR,1.5,2031-05-25,115000,EUR,98.333,PERC,,TWEM,TWEM,TRADEWEB,1,D2C,MTF,DBFTFB,'3605465753244927945
2022-06-08 15:15:06.534000,FR0012993103,Corporate bond,DIRECTION GENERALE DU TRESOR,1.5,2031-05-25,269000,EUR,98.351,PERC,,TWEM,TWEM,TRADEWEB,1,D2C,MTF,DBFTFB,'3605464653733303797
2022-06-08 15:14:08.969000,FR0012993103,Corporate bond,DIRECTION GENERALE DU TRESOR,1.5,2031-05-25,100000,EUR,98.306,PERC,,TWEM,TWEM,TRADEWEB,1,D2C,MTF,DBFTFB,'3605464653733303703
2022-06-08 13:46:07.107000,FR0012993103,Corporate bond,DIRECTION GENERALE DU TRESOR,1.5,2031-05-25,15000,EUR,98.274,PERC,,TWEM,TWEM,TRADEWEB,1,D2C,MTF,DBFTFB,'3605464653733302710
2022-06-08 12:09:46.211000,FR0012993103,Corporate bond,DIRECTION GENERALE DU TRESOR,1.5,2031-05-25,1209,EUR,98.354,PERC,,TWEM,TWEM,TRADEWEB,1,D2C,MTF,DBFTFB,'3605464653733301675
2022-06-08 10:40:45.029000,FR0012993103,Corporate bond,DIRECTION GENERALE DU TRESOR,1.5,2031-05-25,2441000,EUR,98.34,PERC,,TWEM,TWEM,TRADEWEB,1,D2C,MTF,DBFTFB,'3605464653733301268
2022-06-08 10:18:52.573000,FR0012993103,Corporate bond,DIRECTION GENERALE DU TRESOR,1.5,2031-05-25,6750,EUR,98.448,PERC,,TWEM,TWEM,TRADEWEB,1,D2C,MTF,DBFTFB,'3605464653733300867
2022-06-08 09:57:14.479000,FR0012993103,Corporate bond,DIRECTION GENERALE DU TRESOR,1.5,2031-05-25,857,EUR,98.535,PERC,,TWEM,TWEM,TRADEWEB,1,D2C,MTF,DBFTFB,'3605464653733300561
2022-06-08 07:54:10.317000,FR0012993103,Corporate bond,DIRECTION GENERALE DU TRESOR,1.5,2031-05-25,305,EUR,98.608,PERC,,TWEM,TWEM,TRADEWEB,1,D2C,MTF,DBFTFB,'3605464653733298846
2022-06-07 15:16:16.823000,FR0012993103,Corporate bond,DIRECTION GENERALE DU TRESOR,1.5,2031-05-25,20000,EUR,98.93,PERC,,TWEM,TWEM,TRADEWEB,1,D2C,MTF,DBFTFB,'3605463554221676309
2022-06-07 15:14:05.190000,FR0012993103,Corporate bond,DIRECTION GENERALE DU TRESOR,1.5,2031-05-25,320000,EUR,98.916,PERC,,TWEM,TWEM,TRADEWEB,1,D2C,MTF,DBFTFB,'3605463554221676125
2022-06-07 15:01:27.878000,FR0012993103,Corporate bond,DIRECTION GENERALE DU TRESOR,1.5,2031-05-25,1700000,EUR,98.904,PERC,,TWEM,TWEM,TRADEWEB,1,D2C,MTF,DBFTFB,'3605463554221675887
2022-06-07 15:00:06.205000,FR0012993103,Corporate bond,DIRECTION GENERALE DU TRESOR,1.5,2031-05-25,500000,EUR,98.888,PERC,,TWEM,TWEM,TRADEWEB,1,D2C,MTF,DBFTFB,'3605463554221675866
2022-06-07 14:35:23.381000,FR0012993103,Corporate bond,DIRECTION GENERALE DU TRESOR,1.5,2031-05-25,200000,EUR,98.876,PERC,,TWEM,TWEM,TRADEWEB,1,D2C,MTF,DBFTFB,'3605463554221675564
2022-06-07 14:25:57.150000,FR0012993103,Corporate bond,DIRECTION GENERALE DU TRESOR,1.5,2031-05-25,15000,EUR,98.883,PERC,,TWEM,TWEM,TRADEWEB,1,D2C,MTF,DBFTFB,'3605463554221675455
2022-06-07 13:46:11.872000,FR0012993103,Corporate bond,DIRECTION GENERALE DU TRESOR,1.5,2031-05-25,40000,EUR,98.781,PERC,,TWEM,TWEM,TRADEWEB,1,D2C,MTF,DBFTFB,'3605463554221674926
2022-06-07 13:20:42.174000,FR0012993103,Corporate bond,DIRECTION GENERALE DU TRESOR,1.5,2031-05-25,2918615,EUR,98.75,PERC,,TWEM,TWEM,TRADEWEB,1,D2C,MTF,DBFTFB,'3605463554221674623
2022-06-07 12:28:16.886000,FR0012993103,Corporate bond,DIRECTION GENERALE DU TRESOR,1.5,2031-05-25,120000,EUR,98.622,PERC,,TWEM,TWEM,TRADEWEB,1,D2C,MTF,DBFTFB,'3605463554221673996
2022-06-07 09:35:48.697000,FR0012993103,Corporate bond,DIRECTION GENERALE DU TRESOR,1.5,2031-05-25,20000,EUR,98.81,PERC,,TWEM,TWEM,TRADEWEB,1,D2C,MTF,DBFTFB,'3605463554221672296
2022-06-07 09:04:39.769000,FR0012993103,Corporate bond,DIRECTION GENERALE DU TRESOR,1.5,2031-05-25,1363,EUR,98.852,PERC,,TWEM,TWEM,TRADEWEB,1,D2C,MTF,DBFTFB,'3605463554221671857
2022-06-07 09:01:00.542000,FR0012993103,Corporate bond,DIRECTION GENERALE DU TRESOR,1.5,2031-05-25,596,EUR,98.793,PERC,,TWEM,TWEM,TRADEWEB,1,D2C,MTF,DBFTFB,'3605463554221671812
2022-06-07 08:56:22.316000,FR0012993103,Corporate bond,DIRECTION GENERALE DU TRESOR,1.5,2031-05-25,386,EUR,98.828,PERC,,TWEM,TWEM,TRADEWEB,1,D2C,MTF,DBFTFB,'3605463554221671757
2022-06-07 08:46:09.813000,FR0012993103,Corporate bond,DIRECTION GENERALE DU TRESOR,1.5,2031-05-25,2,EUR,98.803,PERC,,TWEM,TWEM,TRADEWEB,1,D2C,MTF,DBFTFB,'3605463554221671638
2022-06-07 08:03:11.679000,FR0012993103,Corporate bond,DIRECTION GENERALE DU TRESOR,1.5,2031-05-25,101000,EUR,98.616,PERC,,TWEM,TWEM,TRADEWEB,1,D2C,MTF,DBFTFB,'3605463554221671093
2022-06-07 05:03:54.000000,FR0012993103,Corporate bond,DIRECTION GENERALE DU TRESOR,1.5,2031-05-25,212100000,EUR,100.394701,PERC,IDAF,TWEM,TWEM,TRADEWEB,9,D2C,MTF,DBFTFB,'7208343256118067700
2022-06-06 15:31:38.551000,FR0012993103,Corporate bond,DIRECTION GENERALE DU TRESOR,1.5,2031-05-25,161000,EUR,98.493,PERC,,TWEM,TWEM,TRADEWEB,1,D2C,MTF,DBFTFB,'3605462454710045896
2022-06-06 14:53:02.955000,FR0012993103,Corporate bond,DIRECTION GENERALE DU TRESOR,1.5,2031-05-25,1900000,EUR,98.622,PERC,,TWEM,TWEM,TRADEWEB,1,D2C,MTF,DBFTFB,'3605462454710045549
2022-06-06 13:32:41.187000,FR0012993103,Corporate bond,DIRECTION GENERALE DU TRESOR,1.5,2031-05-25,4700000,EUR,98.951,PERC,FULV ILQD SIZE TPAC,TWEM,TWEM,TRADEWEB,1,D2C,MTF,DBFTFB,'7208375141955272866
2022-06-03 15:14:06.518000,FR0012993103,Corporate bond,DIRECTION GENERALE DU TRESOR,1.5,2031-05-25,180000,EUR,98.822,PERC,,TWEM,TWEM,TRADEWEB,1,D2C,MTF,DBFTFB,'3605459156175163560
2022-06-03 14:47:06.216000,FR0012993103,Corporate bond,DIRECTION GENERALE DU TRESOR,1.5,2031-05-25,78000,EUR,98.904,PERC,,TWEM,TWEM,TRADEWEB,1,D2C,MTF,DBFTFB,'3605459156175163370
2022-06-03 11:09:33.830000,FR0012993103,Corporate bond,DIRECTION GENERALE DU TRESOR,1.5,2031-05-25,1400000,EUR,99.023,PERC,,TWEM,TWEM,TRADEWEB,1,D2C,MTF,DBFTFB,'3605459156175161448
2022-06-03 09:20:02.804000,FR0012993103,Corporate bond,DIRECTION GENERALE DU TRESOR,1.5,2031-05-25,15000,EUR,99.065,PERC,,TWEM,TWEM,TRADEWEB,1,D2C,MTF,DBFTFB,'3605459156175160546
2022-06-03 08:01:26.165000,FR0012993103,Corporate bond,DIRECTION GENERALE DU TRESOR,1.5,2031-05-25,2400000,EUR,99.214,PERC,,TWEM,TWEM,TRADEWEB,1,D2C,MTF,DBFTFB,'3605459156175159781
2022-06-03 07:49:45.245000,FR0012993103,Corporate bond,DIRECTION GENERALE DU TRESOR,1.5,2031-05-25,25000,EUR,99.238,PERC,,TWEM,TWEM,TRADEWEB,1,D2C,MTF,DBFTFB,'3605459156175159668
2022-06-02 15:19:14.432000,FR0012993103,Corporate bond,DIRECTION GENERALE DU TRESOR,1.5,2031-05-25,2000000,EUR,99.282,PERC,,TWEM,TWEM,TRADEWEB,1,D2C,MTF,DBFTFB,'3605458056663534619
2022-06-02 15:13:19.478000,FR0012993103,Corporate bond,DIRECTION GENERALE DU TRESOR,1.5,2031-05-25,550000,EUR,99.29,PERC,,TWEM,TWEM,TRADEWEB,1,D2C,MTF,DBFTFB,'3605458056663534499
2022-06-02 14:08:20.388000,FR0012993103,Corporate bond,DIRECTION GENERALE DU TRESOR,1.5,2031-05-25,430000,EUR,99.301,PERC,,TWEM,TWEM,TRADEWEB,1,D2C,MTF,DBFTFB,'3605458056663534032
2022-06-02 13:55:52.551000,FR0012993103,Corporate bond,DIRECTION GENERALE DU TRESOR,1.5,2031-05-25,70000,EUR,99.379,PERC,,TWEM,TWEM,TRADEWEB,1,D2C,MTF,DBFTFB,'3605458056663533938
2022-06-02 13:45:21.323000,FR0012993103,Corporate bond,DIRECTION GENERALE DU TRESOR,1.5,2031-05-25,10000,EUR,99.44,PERC,,TWEM,TWEM,TRADEWEB,1,D2C,MTF,DBFTFB,'3605458056663533861
2022-06-02 12:52:19.735000,FR0012993103,Corporate bond,DIRECTION GENERALE DU TRESOR,1.5,2031-05-25,45000,EUR,99.633,PERC,,TWEM,TWEM,TRADEWEB,1,D2C,MTF,DBFTFB,'3605458056663533620
2022-06-02 12:29:38.819000,FR0012993103,Corporate bond,DIRECTION GENERALE DU TRESOR,1.5,2031-05-25,300000,EUR,99.639,PERC,,TWEM,TWEM,TRADEWEB,1,D2C,MTF,DBFTFB,'3605458056663533467
2022-06-02 09:46:21.438000,FR0012993103,Corporate bond,DIRECTION GENERALE DU TRESOR,1.5,2031-05-25,150000,EUR,99.494,PERC,,TWEM,TWEM,TRADEWEB,1,D2C,MTF,DBFTFB,'3605458056663532593
2022-06-02 09:24:26.735000,FR0012993103,Corporate bond,DIRECTION GENERALE DU TRESOR,1.5,2031-05-25,60000,EUR,99.56,PERC,,TWEM,TWEM,TRADEWEB,1,D2C,MTF,DBFTFB,'3605458056663532360
2022-06-01 14:43:02.132000,FR0012993103,Corporate bond,DIRECTION GENERALE DU TRESOR,1.5,2031-05-25,100000,EUR,99.872,PERC,,TWEM,TWEM,TRADEWEB,1,D2C,MTF,DBFTFB,'3605456957151909535
2022-06-01 13:52:02.394000,FR0012993103,Corporate bond,DIRECTION GENERALE DU TRESOR,1.5,2031-05-25,725000,EUR,100.255,PERC,,TWEM,TWEM,TRADEWEB,1,D2C,MTF,DBFTFB,'3605456957151908784
2022-06-01 12:52:29.998000,FR0012993103,Corporate bond,DIRECTION GENERALE DU TRESOR,1.5,2031-05-25,1000000,EUR,100.168,PERC,,TWEM,TWEM,TRADEWEB,1,D2C,MTF,DBFTFB,'3605456957151908040
2022-06-01 11:23:10.836000,FR0012993103,Corporate bond,DIRECTION GENERALE DU TRESOR,1.5,2031-05-25,150000,EUR,100.106,PERC,,TWEM,TWEM,TRADEWEB,1,D2C,MTF,DBFTFB,'3605456957151907131
2022-06-01 09:40:47.494000,FR0012993103,Corporate bond,DIRECTION GENERALE DU TRESOR,1.5,2031-05-25,225000,EUR,100.256,PERC,,TWEM,TWEM,TRADEWEB,1,D2C,MTF,DBFTFB,'3605456957151905899
2022-06-01 08:26:55.114000,FR0012993103,Corporate bond,DIRECTION GENERALE DU TRESOR,1.5,2031-05-25,30000,EUR,100.072,PERC,,TWEM,TWEM,TRADEWEB,1,D2C,MTF,DBFTFB,'3605456957151904950
2022-06-01 08:21:38.912000,FR0012993103,Corporate bond,DIRECTION GENERALE DU TRESOR,1.5,2031-05-25,150000,EUR,100.068,PERC,,TWEM,TWEM,TRADEWEB,1,D2C,MTF,DBFTFB,'3605456957151904842
2022-05-31 15:30:58.062000,FR0012993103,Corporate bond,DIRECTION GENERALE DU TRESOR,1.5,2031-05-25,47000,EUR,100.233,PERC,,TWEM,TWEM,TRADEWEB,1,D2C,MTF,DBFTFB,'3605455857640285379
2022-05-31 15:19:04.827000,FR0012993103,Corporate bond,DIRECTION GENERALE DU TRESOR,1.5,2031-05-25,12000,EUR,100.237,PERC,,TWEM,TWEM,TRADEWEB,1,D2C,MTF,DBFTFB,'3605455857640284581
2022-05-31 15:16:45.583000,FR0012993103,Corporate bond,DIRECTION GENERALE DU TRESOR,1.5,2031-05-25,590000,EUR,100.21,PERC,,TWEM,TWEM,TRADEWEB,1,D2C,MTF,DBFTFB,'3605455857640284167
2022-05-31 15:15:39.676000,FR0012993103,Corporate bond,DIRECTION GENERALE DU TRESOR,1.5,2031-05-25,4000,EUR,100.219,PERC,,TWEM,TWEM,TRADEWEB,1,D2C,MTF,DBFTFB,'3605455857640283862
2022-05-31 15:15:37.808000,FR0012993103,Corporate bond,DIRECTION GENERALE DU TRESOR,1.5,2031-05-25,22000,EUR,100.238,PERC,,TWEM,TWEM,TRADEWEB,1,D2C,MTF,DBFTFB,'3605455857640283824
2022-05-31 15:15:11.411000,FR0012993103,Corporate bond,DIRECTION GENERALE DU TRESOR,1.5,2031-05-25,744000,EUR,100.207,PERC,,TWEM,TWEM,TRADEWEB,1,D2C,MTF,DBFTFB,'3605455857640283221
2022-05-31 15:14:58.426000,FR0012993103,Corporate bond,DIRECTION GENERALE DU TRESOR,1.5,2031-05-25,246000,EUR,100.181,PERC,,TWEM,TWEM,TRADEWEB,1,D2C,MTF,DBFTFB,'3605455857640282991
2022-05-31 15:14:58.171000,FR0012993103,Corporate bond,DIRECTION GENERALE DU TRESOR,1.5,2031-05-25,400000,EUR,100.215,PERC,,TWEM,TWEM,TRADEWEB,1,D2C,MTF,DBFTFB,'3605455857640282992
2022-05-31 15:13:14.483000,FR0012993103,Corporate bond,DIRECTION GENERALE DU TRESOR,1.5,2031-05-25,125000,EUR,100.152,PERC,,TWEM,TWEM,TRADEWEB,1,D2C,MTF,DBFTFB,'3605455857640282096
2022-05-31 15:07:42.451000,FR0012993103,Corporate bond,DIRECTION GENERALE DU TRESOR,1.5,2031-05-25,12000,EUR,100.117,PERC,,TWEM,TWEM,TRADEWEB,1,D2C,MTF,DBFTFB,'3605455857640281784
2022-05-31 10:26:51.090000,FR0012993103,Corporate bond,DIRECTION GENERALE DU TRESOR,1.5,2031-05-25,2000,EUR,100.561,PERC,,TWEM,TWEM,TRADEWEB,1,D2C,MTF,DBFTFB,'3605455857640278592
2022-05-31 09:41:43.753000,FR0012993103,Corporate bond,DIRECTION GENERALE DU TRESOR,1.5,2031-05-25,36000,EUR,100.581,PERC,,TWEM,TWEM,TRADEWEB,1,D2C,MTF,DBFTFB,'3605455857640277829
2022-05-31 08:20:15.733000,FR0012993103,Corporate bond,DIRECTION GENERALE DU TRESOR,1.5,2031-05-25,1650000,EUR,101,PERC,,TWEM,TWEM,TRADEWEB,1,D2C,MTF,DBFTFB,'3605455857640276800
2022-05-31 05:03:12.000000,FR0012993103,Corporate bond,DIRECTION GENERALE DU TRESOR,1.5,2031-05-25,20971450,EUR,101.558903,PERC,IDAF,TWEM,TWEM,TRADEWEB,6,D2C,MTF,DBFTFB,'7208335559536673198
2022-05-30 15:15:35.480000,FR0012993103,Corporate bond,DIRECTION GENERALE DU TRESOR,1.5,2031-05-25,1830000,EUR,100.946,PERC,,TWEM,TWEM,TRADEWEB,1,D2C,MTF,DBFTFB,'3605454758128653458
2022-05-30 14:36:35.223000,FR0012993103,Corporate bond,DIRECTION GENERALE DU TRESOR,1.5,2031-05-25,171000,EUR,100.718,PERC,,TWEM,TWEM,TRADEWEB,1,D2C,MTF,DBFTFB,'3605454758128652955
2022-05-30 14:32:18.922000,FR0012993103,Corporate bond,DIRECTION GENERALE DU TRESOR,1.5,2031-05-25,284000,EUR,100.75,PERC,,TWEM,TWEM,TRADEWEB,1,D2C,MTF,DBFTFB,'3605454758128652919
2022-05-30 13:43:36.515000,FR0012993103,Corporate bond,DIRECTION GENERALE DU TRESOR,1.5,2031-05-25,41000,EUR,100.734,PERC,,TWEM,TWEM,TRADEWEB,1,D2C,MTF,DBFTFB,'3605454758128652434
2022-05-30 13:36:08.097000,FR0012993103,Corporate bond,DIRECTION GENERALE DU TRESOR,1.5,2031-05-25,10000,EUR,100.77,PERC,,TWEM,TWEM,TRADEWEB,1,D2C,MTF,DBFTFB,'3605454758128652310
2022-05-30 12:56:22.822000,FR0012993103,Corporate bond,DIRECTION GENERALE DU TRESOR,1.5,2031-05-25,134000,EUR,100.737,PERC,,TWEM,TWEM,TRADEWEB,1,D2C,MTF,DBFTFB,'3605454758128651909
2022-05-30 10:38:28.105000,FR0012993103,Corporate bond,DIRECTION GENERALE DU TRESOR,1.5,2031-05-25,500000,EUR,100.907,PERC,,TWEM,TWEM,TRADEWEB,1,D2C,MTF,DBFTFB,'3605454758128650698
2022-05-30 07:09:13.472000,FR0012993103,Corporate bond,DIRECTION GENERALE DU TRESOR,1.5,2031-05-25,500000,EUR,101.024,PERC,,TWEM,TWEM,TRADEWEB,1,D2C,MTF,DBFTFB,'3605454758128648307
2022-05-27 15:03:34.082000,FR0012993103,Corporate bond,DIRECTION GENERALE DU TRESOR,1.5,2031-05-25,1869000,EUR,101.646,PERC,,TWEM,TWEM,TRADEWEB,1,D2C,MTF,DBFTFB,'3605451459593769612
2022-05-27 10:52:14.181000,FR0012993103,Corporate bond,DIRECTION GENERALE DU TRESOR,1.5,2031-05-25,48000,EUR,101.61,PERC,,TWEM,TWEM,TRADEWEB,1,D2C,MTF,DBFTFB,'3605451459593767375
2022-05-27 10:17:24.371000,FR0012993103,Corporate bond,DIRECTION GENERALE DU TRESOR,1.5,2031-05-25,150000,EUR,101.582,PERC,,TWEM,TWEM,TRADEWEB,1,D2C,MTF,DBFTFB,'3605451459593767051
2022-05-27 09:26:58.986000,FR0012993103,Corporate bond,DIRECTION GENERALE DU TRESOR,1.5,2031-05-25,500000,EUR,101.331,PERC,,TWEM,TWEM,TRADEWEB,1,D2C,MTF,DBFTFB,'3605451459593766485
2022-05-27 08:23:52.066000,FR0012993103,Corporate bond,DIRECTION GENERALE DU TRESOR,1.5,2031-05-25,130000,EUR,101.408,PERC,,TWEM,TWEM,TRADEWEB,1,D2C,MTF,DBFTFB,'3605451459593765684
2022-05-27 08:01:03.074000,FR0012993103,Corporate bond,DIRECTION GENERALE DU TRESOR,1.5,2031-05-25,996000,EUR,101.429,PERC,,TWEM,TWEM,TRADEWEB,1,D2C,MTF,DBFTFB,'3605451459593765371
2022-05-26 14:22:05.573000,FR0012993103,Corporate bond,DIRECTION GENERALE DU TRESOR,1.5,2031-05-25,60000,EUR,101.534,PERC,,TWEM,TWEM,TRADEWEB,1,D2C,MTF,DBFTFB,'3605450360082139720
2022-05-26 14:15:16.427000,FR0012993103,Corporate bond,DIRECTION GENERALE DU TRESOR,1.5,2031-05-25,240000,EUR,101.576,PERC,,TWEM,TWEM,TRADEWEB,1,D2C,MTF,DBFTFB,'3605450360082139680
2022-05-25 15:14:24.353000,FR0012993103,Corporate bond,DIRECTION GENERALE DU TRESOR,1.5,2031-05-25,1800000,EUR,101.621,PERC,,TWEM,TWEM,TRADEWEB,1,D2C,MTF,DBFTFB,'3605449260570515104
2022-05-25 15:13:40.509000,FR0012993103,Corporate bond,DIRECTION GENERALE DU TRESOR,1.5,2031-05-25,1461000,EUR,101.629,PERC,,TWEM,TWEM,TRADEWEB,1,D2C,MTF,DBFTFB,'3605449260570515048
2022-05-25 15:13:21.078000,FR0012993103,Corporate bond,DIRECTION GENERALE DU TRESOR,1.5,2031-05-25,125000,EUR,101.617,PERC,,TWEM,TWEM,TRADEWEB,1,D2C,MTF,DBFTFB,'3605449260570514996
2022-05-25 10:31:36.766000,FR0012993103,Corporate bond,DIRECTION GENERALE DU TRESOR,1.5,2031-05-25,40000,EUR,101.652,PERC,,TWEM,TWEM,TRADEWEB,1,D2C,MTF,DBFTFB,'3605449260570511954
2022-05-25 09:06:43.297000,FR0012993103,Corporate bond,DIRECTION GENERALE DU TRESOR,1.5,2031-05-25,473000,EUR,101.654,PERC,,TWEM,TWEM,TRADEWEB,1,D2C,MTF,DBFTFB,'3605449260570511042
2022-05-25 08:58:28.235000,FR0012993103,Corporate bond,DIRECTION GENERALE DU TRESOR,1.5,2031-05-25,200000,EUR,101.587,PERC,,TWEM,TWEM,TRADEWEB,1,D2C,MTF,DBFTFB,'3605449260570510955
2022-05-25 08:36:28.071000,FR0012993103,Corporate bond,DIRECTION GENERALE DU TRESOR,1.5,2031-05-25,1615000,EUR,101.608,PERC,,TWEM,TWEM,TRADEWEB,1,D2C,MTF,DBFTFB,'3605449260570510495
2022-05-25 08:09:30.552000,FR0012993103,Corporate bond,DIRECTION GENERALE DU TRESOR,1.5,2031-05-25,250000,EUR,101.664,PERC,,TWEM,TWEM,TRADEWEB,1,D2C,MTF,DBFTFB,'3605449260570510147
2022-05-24 14:46:23.553000,FR0012993103,Corporate bond,DIRECTION GENERALE DU TRESOR,1.5,2031-05-25,20000,EUR,101.525,PERC,,TWEM,TWEM,TRADEWEB,1,D2C,MTF,DBFTFB,'3605448161058886398
2022-05-24 13:35:58.966000,FR0012993103,Corporate bond,DIRECTION GENERALE DU TRESOR,1.5,2031-05-25,280000,EUR,101.211,PERC,,TWEM,TWEM,TRADEWEB,1,D2C,MTF,DBFTFB,'3605448161058885533
2022-05-24 13:16:49.579000,FR0012993103,Corporate bond,DIRECTION GENERALE DU TRESOR,1.5,2031-05-25,15000,EUR,101.064,PERC,,TWEM,TWEM,TRADEWEB,1,D2C,MTF,DBFTFB,'3605448161058885309
2022-05-24 12:14:12.349000,FR0012993103,Corporate bond,DIRECTION GENERALE DU TRESOR,1.5,2031-05-25,785000,EUR,101.097,PERC,,TWEM,TWEM,TRADEWEB,1,D2C,MTF,DBFTFB,'3605448161058884714
2022-05-24 09:34:05.682000,FR0012993103,Corporate bond,DIRECTION GENERALE DU TRESOR,1.5,2031-05-25,41300000,EUR,101.294,PERC,FULV SIZE TPAC,TWEM,TWEM,TRADEWEB,1,D2C,MTF,DBFTFB,'7208360848304111986
2022-05-24 09:24:01.782000,FR0012993103,Corporate bond,DIRECTION GENERALE DU TRESOR,1.5,2031-05-25,9681,EUR,101.22,PERC,,TWEM,TWEM,TRADEWEB,1,D2C,MTF,DBFTFB,'3605448161058883154
2022-05-24 09:18:40.534000,FR0012993103,Corporate bond,DIRECTION GENERALE DU TRESOR,1.5,2031-05-25,270,EUR,101.223,PERC,,TWEM,TWEM,TRADEWEB,1,D2C,MTF,DBFTFB,'3605448161058883096
2022-05-24 08:37:37.537000,FR0012993103,Corporate bond,DIRECTION GENERALE DU TRESOR,1.5,2031-05-25,40000,EUR,101.293,PERC,,TWEM,TWEM,TRADEWEB,1,D2C,MTF,DBFTFB,'3605448161058882649
2022-05-24 07:03:13.660000,FR0012993103,Corporate bond,DIRECTION GENERALE DU TRESOR,1.5,2031-05-25,315,EUR,100.997,PERC,,TWEM,TWEM,TRADEWEB,1,D2C,MTF,DBFTFB,'3605448161058881605
2022-05-24 05:03:45.000000,FR0012993103,Corporate bond,DIRECTION GENERALE DU TRESOR,1.5,2031-05-25,7810000,EUR,101.580915,PERC,IDAF,TWEM,TWEM,TRADEWEB,2,D2C,MTF,DBFTFB,'7208327862955278810
2022-05-23 14:58:32.290000,FR0012993103,Corporate bond,DIRECTION GENERALE DU TRESOR,1.5,2031-05-25,14000,EUR,101.177,PERC,,TWEM,TWEM,TRADEWEB,1,D2C,MTF,DBFTFB,'3605447061547258757
2022-05-23 14:56:02.710000,FR0012993103,Corporate bond,DIRECTION GENERALE DU TRESOR,1.5,2031-05-25,100000,EUR,101.177,PERC,,TWEM,TWEM,TRADEWEB,1,D2C,MTF,DBFTFB,'3605447061547258693
2022-05-23 13:54:44.187000,FR0012993103,Corporate bond,DIRECTION GENERALE DU TRESOR,1.5,2031-05-25,53000,EUR,101.469,PERC,,TWEM,TWEM,TRADEWEB,1,D2C,MTF,DBFTFB,'3605447061547258054
2022-05-23 13:00:22.440000,FR0012993103,Corporate bond,DIRECTION GENERALE DU TRESOR,1.5,2031-05-25,35000,EUR,101.358,PERC,,TWEM,TWEM,TRADEWEB,1,D2C,MTF,DBFTFB,'3605447061547257480
2022-05-23 11:46:05.339000,FR0012993103,Corporate bond,DIRECTION GENERALE DU TRESOR,1.5,2031-05-25,80000,EUR,101.42,PERC,,TWEM,TWEM,TRADEWEB,1,D2C,MTF,DBFTFB,'3605447061547256783
2022-05-23 11:12:04.257000,FR0012993103,Corporate bond,DIRECTION GENERALE DU TRESOR,1.5,2031-05-25,25000,EUR,101.261,PERC,,TWEM,TWEM,TRADEWEB,1,D2C,MTF,DBFTFB,'3605447061547256357
2022-05-23 09:15:45.104000,FR0012993103,Corporate bond,DIRECTION GENERALE DU TRESOR,1.5,2031-05-25,11,EUR,101.378,PERC,,TWEM,TWEM,TRADEWEB,1,D2C,MTF,DBFTFB,'3605447061547255236
2022-05-23 08:39:39.308000,FR0012993103,Corporate bond,DIRECTION GENERALE DU TRESOR,1.5,2031-05-25,2670,EUR,101.48,PERC,,TWEM,TWEM,TRADEWEB,1,D2C,MTF,DBFTFB,'3605447061547254748
2022-05-20 15:24:32.500000,FR0012993103,Corporate bond,DIRECTION GENERALE DU TRESOR,1.5,2031-05-25,50000,EUR,101.659,PERC,,TWEM,TWEM,TRADEWEB,1,D2C,MTF,DBFTFB,'3605443763012376010
2022-05-20 14:52:09.796000,FR0012993103,Corporate bond,DIRECTION GENERALE DU TRESOR,1.5,2031-05-25,200000,EUR,101.672,PERC,,TWEM,TWEM,TRADEWEB,1,D2C,MTF,DBFTFB,'3605443763012375514
2022-05-20 14:00:23.438000,FR0012993103,Corporate bond,DIRECTION GENERALE DU TRESOR,1.5,2031-05-25,14000,EUR,101.498,PERC,,TWEM,TWEM,TRADEWEB,1,D2C,MTF,DBFTFB,'3605443763012374925
2022-05-20 11:25:27.054000,FR0012993103,Corporate bond,DIRECTION GENERALE DU TRESOR,1.5,2031-05-25,96500000,EUR,101.446,PERC,FULV SIZE TPAC,TWEM,TWEM,TRADEWEB,1,D2C,MTF,DBFTFB,'7208358649280863243
2022-05-20 11:17:42.662000,FR0012993103,Corporate bond,DIRECTION GENERALE DU TRESOR,1.5,2031-05-25,9452000,EUR,101.496,PERC,FULV SIZE TPAC,TWEM,TWEM,TRADEWEB,1,D2C,MTF,DBFTFB,'7208358649280863237
2022-05-20 09:59:40.580000,FR0012993103,Corporate bond,DIRECTION GENERALE DU TRESOR,1.5,2031-05-25,25000,EUR,101.431,PERC,,TWEM,TWEM,TRADEWEB,1,D2C,MTF,DBFTFB,'3605443763012372997
2022-05-20 09:46:13.475000,FR0012993103,Corporate bond,DIRECTION GENERALE DU TRESOR,1.5,2031-05-25,10000,EUR,101.563,PERC,,TWEM,TWEM,TRADEWEB,1,D2C,MTF,DBFTFB,'3605443763012372810
2022-05-20 07:11:55.898000,FR0012993103,Corporate bond,DIRECTION GENERALE DU TRESOR,1.5,2031-05-25,187000,EUR,101.479,PERC,,TWEM,TWEM,TRADEWEB,1,D2C,MTF,DBFTFB,'3605443763012370608
2022-05-19 14:57:23.737000,FR0012993103,Corporate bond,DIRECTION GENERALE DU TRESOR,1.5,2031-05-25,1120,EUR,101.807,PERC,,TWEM,TWEM,TRADEWEB,1,D2C,MTF,DBFTFB,'3605442663500747689
2022-05-19 14:16:09.524000,FR0012993103,Corporate bond,DIRECTION GENERALE DU TRESOR,1.5,2031-05-25,90000,EUR,101.816,PERC,,TWEM,TWEM,TRADEWEB,1,D2C,MTF,DBFTFB,'3605442663500747329
2022-05-19 13:04:58.006000,FR0012993103,Corporate bond,DIRECTION GENERALE DU TRESOR,1.5,2031-05-25,400000,EUR,102.092,PERC,,TWEM,TWEM,TRADEWEB,1,D2C,MTF,DBFTFB,'3605442663500746587
2022-05-19 11:56:55.508000,FR0012993103,Corporate bond,DIRECTION GENERALE DU TRESOR,1.5,2031-05-25,3000,EUR,101.752,PERC,,TWEM,TWEM,TRADEWEB,1,D2C,MTF,DBFTFB,'3605442663500745913
2022-05-19 11:18:55.096000,FR0012993103,Corporate bond,DIRECTION GENERALE DU TRESOR,1.5,2031-05-25,57000,EUR,101.752,PERC,,TWEM,TWEM,TRADEWEB,1,D2C,MTF,DBFTFB,'3605442663500745736
2022-05-19 10:14:51.390000,FR0012993103,Corporate bond,DIRECTION GENERALE DU TRESOR,1.5,2031-05-25,140,EUR,101.99,PERC,,TWEM,TWEM,TRADEWEB,1,D2C,MTF,DBFTFB,'3605442663500744900
2022-05-19 09:38:22.552000,FR0012993103,Corporate bond,DIRECTION GENERALE DU TRESOR,1.5,2031-05-25,150000,EUR,101.838,PERC,,TWEM,TWEM,TRADEWEB,1,D2C,MTF,DBFTFB,'3605442663500744495
2022-05-18 15:19:17.322000,FR0012993103,Corporate bond,DIRECTION GENERALE DU TRESOR,1.5,2031-05-25,310000,EUR,101.26,PERC,,TWEM,TWEM,TRADEWEB,1,D2C,MTF,DBFTFB,'3605441563989120090
2022-05-18 15:16:26.710000,FR0012993103,Corporate bond,DIRECTION GENERALE DU TRESOR,1.5,2031-05-25,893520,EUR,101.254,PERC,,TWEM,TWEM,TRADEWEB,1,D2C,MTF,DBFTFB,'3605441563989120048
2022-05-18 15:14:07.655000,FR0012993103,Corporate bond,DIRECTION GENERALE DU TRESOR,1.5,2031-05-25,20000,EUR,101.297,PERC,,TWEM,TWEM,TRADEWEB,1,D2C,MTF,DBFTFB,'3605441563989119863
2022-05-18 13:28:04.318000,FR0012993103,Corporate bond,DIRECTION GENERALE DU TRESOR,1.5,2031-05-25,1335,EUR,100.768,PERC,,TWEM,TWEM,TRADEWEB,1,D2C,MTF,DBFTFB,'3605441563989118730
2022-05-18 12:24:40.106000,FR0012993103,Corporate bond,DIRECTION GENERALE DU TRESOR,1.5,2031-05-25,547,EUR,100.643,PERC,,TWEM,TWEM,TRADEWEB,1,D2C,MTF,DBFTFB,'3605441563989117908
2022-05-18 07:46:06.228000,FR0012993103,Corporate bond,DIRECTION GENERALE DU TRESOR,1.5,2031-05-25,100000,EUR,100.917,PERC,,TWEM,TWEM,TRADEWEB,1,D2C,MTF,DBFTFB,'3605441563989115313
2022-05-18 07:42:34.736000,FR0012993103,Corporate bond,DIRECTION GENERALE DU TRESOR,1.5,2031-05-25,5000,EUR,100.913,PERC,,TWEM,TWEM,TRADEWEB,1,D2C,MTF,DBFTFB,'3605441563989115275
