Historical Rts2 Post Trade Microsecond,Historical Rts2 Instrument Identification Code,Bond Type Bond Type Desc,Instruments New Issuer Name,Instruments New Bond Fixed Rate,Instruments New Bond Maturity Date,Historical Rts2 Notional Amount,Historical Rts2 Notional Currency,Historical Rts2 Price,Historical Rts2 Price Notation,Historical Rts2 Flag List,Historical Rts2 Venue of Execution,Historical Rts2 Venue of Publication,Mifid Entities Commercial Name,Historical Rts2 Transaction Count,Mifid Entities Platform Type,Mifid Entities Trading Venue Types,Instruments New Cfi,Historical Rts2 Transaction Identification Code
2022-08-08 10:29:57.240000,FR0014007TY9,Corporate bond,DIRECTION GENERALE DU TRESOR,0,2025-02-25,4000,EUR,98.19,PERC,,BTFE,BTFE,BLOOMBERG,1,D2C,MTF,DBFTFB,82cfe44d-8029-40ab-a749-3c27e8dbda0b
2022-08-05 15:07:44.559000,FR0014007TY9,Corporate bond,DIRECTION GENERALE DU TRESOR,0,2025-02-25,50000,EUR,98.109,PERC,,BTFE,BTFE,BLOOMBERG,1,D2C,MTF,DBFTFB,e2c33571-6f93-4cfe-9ce1-32e83254278d
2022-08-05 13:18:12.823000,FR0014007TY9,Corporate bond,DIRECTION GENERALE DU TRESOR,0,2025-02-25,11300,EUR,98.181,PERC,,BTFE,BTFE,BLOOMBERG,1,D2C,MTF,DBFTFB,52434dd0-c035-47e6-9c34-dbbf97cdd7fe
2022-08-05 13:00:39.838000,FR0014007TY9,Corporate bond,DIRECTION GENERALE DU TRESOR,0,2025-02-25,20900,EUR,98.228,PERC,,BTFE,BTFE,BLOOMBERG,1,D2C,MTF,DBFTFB,164bc7e8-cb4a-4213-ae01-8aac8d41ad77
2022-08-04 14:14:08.365000,FR0014007TY9,Corporate bond,DIRECTION GENERALE DU TRESOR,0,2025-02-25,4000,EUR,98.391,PERC,,BTFE,BTFE,BLOOMBERG,1,D2C,MTF,DBFTFB,0a99ca2d-a86a-4410-b003-1aedb372d179
2022-08-04 14:00:11.054000,FR0014007TY9,Corporate bond,DIRECTION GENERALE DU TRESOR,0,2025-02-25,200000,EUR,98.381,PERC,,BTFE,BTFE,BLOOMBERG,1,D2C,MTF,DBFTFB,8fc5d92e-cb36-4f88-a5ba-30591847a478
2022-08-04 13:52:56.248000,FR0014007TY9,Corporate bond,DIRECTION GENERALE DU TRESOR,0,2025-02-25,18200,EUR,98.376,PERC,,BTFE,BTFE,BLOOMBERG,1,D2C,MTF,DBFTFB,23ee55f4-f78a-44c2-83e8-c3b4c875d0a1
2022-08-04 13:41:37.549000,FR0014007TY9,Corporate bond,DIRECTION GENERALE DU TRESOR,0,2025-02-25,9100,EUR,98.355,PERC,,BTFE,BTFE,BLOOMBERG,1,D2C,MTF,DBFTFB,9687c099-f849-4dca-b802-22f3b6e464aa
2022-08-04 10:22:47.934000,FR0014007TY9,Corporate bond,DIRECTION GENERALE DU TRESOR,0,2025-02-25,5300,EUR,98.316,PERC,,BTFE,BTFE,BLOOMBERG,1,D2C,MTF,DBFTFB,1e9d7c19-134c-4205-8dc4-0819ddaa3956
2022-08-03 13:11:22.158000,FR0014007TY9,Corporate bond,DIRECTION GENERALE DU TRESOR,0,2025-02-25,53000,EUR,98.268,PERC,,BTFE,BTFE,BLOOMBERG,1,D2C,MTF,DBFTFB,0cb344e0-ce07-4c1b-9854-463c4c3778d0
2022-08-03 13:05:09.999000,FR0014007TY9,Corporate bond,DIRECTION GENERALE DU TRESOR,0,2025-02-25,7400,EUR,98.269,PERC,,BTFE,BTFE,BLOOMBERG,1,D2C,MTF,DBFTFB,adeb72f8-8330-41fe-878a-ab0d0d393bf9
2022-08-03 13:02:12.181000,FR0014007TY9,Corporate bond,DIRECTION GENERALE DU TRESOR,0,2025-02-25,101000,EUR,98.251,PERC,,BTFE,BTFE,BLOOMBERG,1,D2C,MTF,DBFTFB,b3b146a1-6bc4-4430-8338-8cd16c415e7c
2022-08-03 07:48:36.430000,FR0014007TY9,Corporate bond,DIRECTION GENERALE DU TRESOR,0,2025-02-25,308367,EUR,98.337,PERC,,BTFE,BTFE,BLOOMBERG,1,D2C,MTF,DBFTFB,8db43dd6-f43b-4e3a-bddd-a436cc2f023b
2022-08-03 07:15:35.980000,FR0014007TY9,Corporate bond,DIRECTION GENERALE DU TRESOR,0,2025-02-25,2000000,EUR,98.379,PERC,,BTFE,BTFE,BLOOMBERG,1,D2C,MTF,DBFTFB,3df1832d-9567-487e-9d9c-c63c709fa4f9
2022-08-03 07:15:32.163000,FR0014007TY9,Corporate bond,DIRECTION GENERALE DU TRESOR,0,2025-02-25,2000000,EUR,98.37,PERC,,BTFE,BTFE,BLOOMBERG,1,D2C,MTF,DBFTFB,69e56da7-4489-416f-8be9-2d9510f352c6
2022-08-02 13:23:19.977000,FR0014007TY9,Corporate bond,DIRECTION GENERALE DU TRESOR,0,2025-02-25,4800,EUR,98.633,PERC,,BTFE,BTFE,BLOOMBERG,1,D2C,MTF,DBFTFB,a558dee2-919e-4b05-b7d8-041df81b9662
2022-08-02 12:18:29.936000,FR0014007TY9,Corporate bond,DIRECTION GENERALE DU TRESOR,0,2025-02-25,18000,EUR,98.695,PERC,,BTFE,BTFE,BLOOMBERG,1,D2C,MTF,DBFTFB,c80c245e-6a65-461d-9c73-001d789cc96d
2022-08-02 10:44:55.237000,FR0014007TY9,Corporate bond,DIRECTION GENERALE DU TRESOR,0,2025-02-25,19000,EUR,98.763,PERC,,BTFE,BTFE,BLOOMBERG,1,D2C,MTF,DBFTFB,d32ceaa1-b182-43e3-bd5b-a686fbd7a718
2022-08-02 08:27:15.626000,FR0014007TY9,Corporate bond,DIRECTION GENERALE DU TRESOR,0,2025-02-25,500000,EUR,98.746,PERC,,BTFE,BTFE,BLOOMBERG,1,D2C,MTF,DBFTFB,962edecc-7a53-4542-8bc2-205bb9f3f1b0
2022-08-01 14:56:55.487000,FR0014007TY9,Corporate bond,DIRECTION GENERALE DU TRESOR,0,2025-02-25,212000,EUR,98.634,PERC,,BTFE,BTFE,BLOOMBERG,1,D2C,MTF,DBFTFB,f66d7444-7385-4093-9ea2-7d03121144b3
2022-08-01 14:39:58.905000,FR0014007TY9,Corporate bond,DIRECTION GENERALE DU TRESOR,0,2025-02-25,31000,EUR,98.688,PERC,,BTFE,BTFE,BLOOMBERG,1,D2C,MTF,DBFTFB,fc869be7-fd01-4903-a42f-e9cf0ab1efb6
2022-08-01 14:29:53.999000,FR0014007TY9,Corporate bond,DIRECTION GENERALE DU TRESOR,0,2025-02-25,674000,EUR,98.641,PERC,,BTFE,BTFE,BLOOMBERG,1,D2C,MTF,DBFTFB,63a0f465-d089-4344-8ff4-5bbfb2bfaf0e
2022-08-01 09:42:06.833000,FR0014007TY9,Corporate bond,DIRECTION GENERALE DU TRESOR,0,2025-02-25,140000,EUR,98.496,PERC,,BTFE,BTFE,BLOOMBERG,1,D2C,MTF,DBFTFB,df09d926-5246-4585-a618-53c824c1a346
2022-08-01 08:38:47.501000,FR0014007TY9,Corporate bond,DIRECTION GENERALE DU TRESOR,0,2025-02-25,600000,EUR,98.405,PERC,,BTFE,BTFE,BLOOMBERG,1,D2C,MTF,DBFTFB,d5f932e1-6845-4bbb-8da1-f7cc46a05410
2022-07-29 14:24:53.231000,FR0014007TY9,Corporate bond,DIRECTION GENERALE DU TRESOR,0,2025-02-25,123000,EUR,98.534,PERC,,BTFE,BTFE,BLOOMBERG,1,D2C,MTF,DBFTFB,112bcfc8-85e7-4240-9915-30c2c673598b
2022-07-29 13:48:00.257000,FR0014007TY9,Corporate bond,DIRECTION GENERALE DU TRESOR,0,2025-02-25,900,EUR,98.484,PERC,,BTFE,BTFE,BLOOMBERG,1,D2C,MTF,DBFTFB,ca7e1006-faf8-44be-b3bc-b44a9a5b1130
2022-07-29 13:15:13.314000,FR0014007TY9,Corporate bond,DIRECTION GENERALE DU TRESOR,0,2025-02-25,300000,EUR,98.411,PERC,,BTFE,BTFE,BLOOMBERG,1,D2C,MTF,DBFTFB,9aad1f2a-a777-4fe1-a86f-aab494531808
2022-07-29 11:05:53.016000,FR0014007TY9,Corporate bond,DIRECTION GENERALE DU TRESOR,0,2025-02-25,1300,EUR,98.468,PERC,,BTFE,BTFE,BLOOMBERG,1,D2C,MTF,DBFTFB,0dcf62a9-f666-4df6-98f3-8d38560a5567
2022-07-28 12:53:50.277000,FR0014007TY9,Corporate bond,DIRECTION GENERALE DU TRESOR,0,2025-02-25,700,EUR,98.488,PERC,,BTFE,BTFE,BLOOMBERG,1,D2C,MTF,DBFTFB,8636c091-8cdc-4c2b-823e-2eb17f685e73
2022-07-28 12:20:17.013000,FR0014007TY9,Corporate bond,DIRECTION GENERALE DU TRESOR,0,2025-02-25,8400,EUR,98.323,PERC,,BTFE,BTFE,BLOOMBERG,1,D2C,MTF,DBFTFB,7d2b2512-74c4-4b20-973a-835e9fb20911
2022-07-28 12:14:05.163000,FR0014007TY9,Corporate bond,DIRECTION GENERALE DU TRESOR,0,2025-02-25,150000,EUR,98.353,PERC,,BTFE,BTFE,BLOOMBERG,1,D2C,MTF,DBFTFB,36842a9b-0154-4d2a-9d58-c578b4b063f5
2022-07-28 11:19:26.321000,FR0014007TY9,Corporate bond,DIRECTION GENERALE DU TRESOR,0,2025-02-25,416000,EUR,98.269,PERC,,BTFE,BTFE,BLOOMBERG,1,D2C,MTF,DBFTFB,bf98a13a-25b4-4d5e-9156-801cb28b9eb0
2022-07-28 08:16:49.384000,FR0014007TY9,Corporate bond,DIRECTION GENERALE DU TRESOR,0,2025-02-25,80074,EUR,98.188,PERC,,BTFE,BTFE,BLOOMBERG,1,D2C,MTF,DBFTFB,823d8089-1cff-4529-bae5-d7f8b4ee61f9
2022-07-28 07:29:53.615000,FR0014007TY9,Corporate bond,DIRECTION GENERALE DU TRESOR,0,2025-02-25,1000000,EUR,98.089,PERC,,BTFE,BTFE,BLOOMBERG,1,D2C,MTF,DBFTFB,539b1973-3295-433a-a894-b51021be941f
2022-07-27 13:48:22.680000,FR0014007TY9,Corporate bond,DIRECTION GENERALE DU TRESOR,0,2025-02-25,20000,EUR,98.266,PERC,,BTFE,BTFE,BLOOMBERG,1,D2C,MTF,DBFTFB,be1216c8-bbf2-4505-a4ce-1c54716db371
2022-07-27 13:05:05.650000,FR0014007TY9,Corporate bond,DIRECTION GENERALE DU TRESOR,0,2025-02-25,1000000,EUR,98.233,PERC,,BTFE,BTFE,BLOOMBERG,1,D2C,MTF,DBFTFB,bae12424-08b9-49fd-a4cf-1f83f6bbf713
2022-07-27 12:49:55.690000,FR0014007TY9,Corporate bond,DIRECTION GENERALE DU TRESOR,0,2025-02-25,4700,EUR,98.246,PERC,,BTFE,BTFE,BLOOMBERG,1,D2C,MTF,DBFTFB,2ad40521-eac6-4b60-95ff-72837a0c9952
2022-07-27 11:37:00.302000,FR0014007TY9,Corporate bond,DIRECTION GENERALE DU TRESOR,0,2025-02-25,1500000,EUR,98.228,PERC,,BTFE,BTFE,BLOOMBERG,1,D2C,MTF,DBFTFB,94da7c29-cba0-4bdd-9093-7baa2ffcd8e5
2022-07-26 12:51:45.617000,FR0014007TY9,Corporate bond,DIRECTION GENERALE DU TRESOR,0,2025-02-25,6100,EUR,98.322,PERC,,BTFE,BTFE,BLOOMBERG,1,D2C,MTF,DBFTFB,32042fb1-3d26-413e-ad24-cb1761f58444
2022-07-26 12:31:25.543000,FR0014007TY9,Corporate bond,DIRECTION GENERALE DU TRESOR,0,2025-02-25,10700,EUR,98.3605,PERC,,BTFE,BTFE,BLOOMBERG,1,D2C,MTF,DBFTFB,ca76f489-5891-49b8-84e3-9b170c1ee871
2022-07-26 12:28:10.484000,FR0014007TY9,Corporate bond,DIRECTION GENERALE DU TRESOR,0,2025-02-25,14100,EUR,98.357,PERC,,BTFE,BTFE,BLOOMBERG,1,D2C,MTF,DBFTFB,45b5306b-b908-42c4-9df2-f1784f9d21b0
2022-07-26 06:44:50.916004,FR0014007TY9,Corporate bond,DIRECTION GENERALE DU TRESOR,0,2025-02-25,60000000,EUR,97.95605,PERC,IDAF SIZE,BTFE,BTFE,BLOOMBERG,7,D2C,MTF,DBFTFB,
2022-07-25 12:46:00.335000,FR0014007TY9,Corporate bond,DIRECTION GENERALE DU TRESOR,0,2025-02-25,34000,EUR,98.044,PERC,,BTFE,BTFE,BLOOMBERG,1,D2C,MTF,DBFTFB,ac648136-51e6-4323-a573-354e21b2f8f5
2022-07-25 12:40:55.547000,FR0014007TY9,Corporate bond,DIRECTION GENERALE DU TRESOR,0,2025-02-25,6300,EUR,98.021,PERC,,BTFE,BTFE,BLOOMBERG,1,D2C,MTF,DBFTFB,affac170-6832-4c1a-8a6d-cbfed2352d4c
2022-07-25 10:09:16.950000,FR0014007TY9,Corporate bond,DIRECTION GENERALE DU TRESOR,0,2025-02-25,200000,EUR,98.043,PERC,,BTFE,BTFE,BLOOMBERG,1,D2C,MTF,DBFTFB,3ae1ad3e-e8d0-4d83-a92f-6c0e68067e01
2022-07-25 08:35:01.544000,FR0014007TY9,Corporate bond,DIRECTION GENERALE DU TRESOR,0,2025-02-25,1000000,EUR,98.035,PERC,,BTFE,BTFE,BLOOMBERG,1,D2C,MTF,DBFTFB,a4558a0f-c98d-4956-81ec-dc9e9749fc79
2022-07-22 13:58:30.249000,FR0014007TY9,Corporate bond,DIRECTION GENERALE DU TRESOR,0,2025-02-25,20000,EUR,98.132,PERC,,BTFE,BTFE,BLOOMBERG,1,D2C,MTF,DBFTFB,a7dbab73-7b2b-4e16-85fb-7d8f8bda27ee
2022-07-22 12:44:23.487000,FR0014007TY9,Corporate bond,DIRECTION GENERALE DU TRESOR,0,2025-02-25,50000,EUR,97.976,PERC,,BTFE,BTFE,BLOOMBERG,1,D2C,MTF,DBFTFB,5987ecc0-97bd-4b42-b178-5185bbf58b30
2022-07-22 12:30:34.224000,FR0014007TY9,Corporate bond,DIRECTION GENERALE DU TRESOR,0,2025-02-25,2900,EUR,97.975,PERC,,BTFE,BTFE,BLOOMBERG,1,D2C,MTF,DBFTFB,5494d8f0-f092-4dec-bdd1-d5aa7345ecfe
2022-07-22 12:21:51.757000,FR0014007TY9,Corporate bond,DIRECTION GENERALE DU TRESOR,0,2025-02-25,1300000,EUR,98.005,PERC,,BTFE,BTFE,BLOOMBERG,1,D2C,MTF,DBFTFB,ca934651-a72c-426c-bb39-d905381904b8
2022-07-22 11:37:57.584000,FR0014007TY9,Corporate bond,DIRECTION GENERALE DU TRESOR,0,2025-02-25,2000000,EUR,98.02,PERC,,BTFE,BTFE,BLOOMBERG,1,D2C,MTF,DBFTFB,b5a0847d-4cb9-4c48-9ac9-a59fed122dc7
2022-07-22 11:34:08.245000,FR0014007TY9,Corporate bond,DIRECTION GENERALE DU TRESOR,0,2025-02-25,2000000,EUR,98.018,PERC,,BTFE,BTFE,BLOOMBERG,1,D2C,MTF,DBFTFB,07efba0d-33d3-44e8-917b-814564c298f1
2022-07-22 10:56:30.068000,FR0014007TY9,Corporate bond,DIRECTION GENERALE DU TRESOR,0,2025-02-25,2000,EUR,97.953,PERC,,BTFE,BTFE,BLOOMBERG,1,D2C,MTF,DBFTFB,dbd5b532-2be5-4f3b-a6d8-1064ab0dc827
2022-07-21 14:18:02.374000,FR0014007TY9,Corporate bond,DIRECTION GENERALE DU TRESOR,0,2025-02-25,1000000,EUR,97.479,PERC,,BTFE,BTFE,BLOOMBERG,1,D2C,MTF,DBFTFB,fe0fa541-98cd-4028-a18c-d27a313ef17f
2022-07-21 12:47:42.816000,FR0014007TY9,Corporate bond,DIRECTION GENERALE DU TRESOR,0,2025-02-25,2700,EUR,97.284,PERC,,BTFE,BTFE,BLOOMBERG,1,D2C,MTF,DBFTFB,bd1b598a-5ff4-4648-81a7-62b57f4d5ca7
2022-07-21 12:24:59.628000,FR0014007TY9,Corporate bond,DIRECTION GENERALE DU TRESOR,0,2025-02-25,24200,EUR,97.233,PERC,,BTFE,BTFE,BLOOMBERG,1,D2C,MTF,DBFTFB,5f4172ed-2637-465f-b414-37d4604c6673
2022-07-20 12:58:43.137000,FR0014007TY9,Corporate bond,DIRECTION GENERALE DU TRESOR,0,2025-02-25,1200,EUR,97.686,PERC,,BTFE,BTFE,BLOOMBERG,1,D2C,MTF,DBFTFB,f21d308f-ec8b-48d5-a87a-ea940b4e0df2
2022-07-19 13:39:00.512000,FR0014007TY9,Corporate bond,DIRECTION GENERALE DU TRESOR,0,2025-02-25,480000,EUR,97.637,PERC,,BTFE,BTFE,BLOOMBERG,1,D2C,MTF,DBFTFB,29918c13-9a00-4ed1-bac6-85d76e9ce677
2022-07-19 12:57:38.043000,FR0014007TY9,Corporate bond,DIRECTION GENERALE DU TRESOR,0,2025-02-25,4800,EUR,97.652,PERC,,BTFE,BTFE,BLOOMBERG,1,D2C,MTF,DBFTFB,96903398-797b-4bc5-a04f-98662c6fbf4b
2022-07-19 11:40:26.327000,FR0014007TY9,Corporate bond,DIRECTION GENERALE DU TRESOR,0,2025-02-25,32000,EUR,97.683,PERC,,BTFE,BTFE,BLOOMBERG,1,D2C,MTF,DBFTFB,a53a9e10-5411-416f-b503-59c00397a4c0
2022-07-19 11:08:40.272000,FR0014007TY9,Corporate bond,DIRECTION GENERALE DU TRESOR,0,2025-02-25,40000,EUR,97.679,PERC,,BTFE,BTFE,BLOOMBERG,1,D2C,MTF,DBFTFB,de0c99df-e549-4254-a42d-04aeadf039b7
2022-07-19 06:45:35.045477,FR0014007TY9,Corporate bond,DIRECTION GENERALE DU TRESOR,0,2025-02-25,33700000,EUR,98.10781,PERC,IDAF LRGS,BTFE,BTFE,BLOOMBERG,3,D2C,MTF,DBFTFB,
2022-07-18 12:55:51.495000,FR0014007TY9,Corporate bond,DIRECTION GENERALE DU TRESOR,0,2025-02-25,6300,EUR,97.79,PERC,,BTFE,BTFE,BLOOMBERG,1,D2C,MTF,DBFTFB,2190a3f1-28f6-4761-9673-8c9c3811647c
2022-07-18 12:37:14.036000,FR0014007TY9,Corporate bond,DIRECTION GENERALE DU TRESOR,0,2025-02-25,10200,EUR,97.762,PERC,,BTFE,BTFE,BLOOMBERG,1,D2C,MTF,DBFTFB,f2588391-04f5-431f-a896-15e7d881c69d
2022-07-18 10:10:02.072000,FR0014007TY9,Corporate bond,DIRECTION GENERALE DU TRESOR,0,2025-02-25,4200,EUR,97.803,PERC,,BTFE,BTFE,BLOOMBERG,1,D2C,MTF,DBFTFB,0a7f14fe-d0e6-4697-96c1-2488a3a72554
2022-07-15 12:37:34.142000,FR0014007TY9,Corporate bond,DIRECTION GENERALE DU TRESOR,0,2025-02-25,3400,EUR,97.883,PERC,,BTFE,BTFE,BLOOMBERG,1,D2C,MTF,DBFTFB,00967f6b-6f6e-4861-9d54-9d184d360599
2022-07-15 11:00:42.474000,FR0014007TY9,Corporate bond,DIRECTION GENERALE DU TRESOR,0,2025-02-25,17100,EUR,97.914,PERC,,BTFE,BTFE,BLOOMBERG,1,D2C,MTF,DBFTFB,deb89cd5-5407-4dca-9ef1-b8096657f188
2022-07-14 14:46:43.877000,FR0014007TY9,Corporate bond,DIRECTION GENERALE DU TRESOR,0,2025-02-25,111900,EUR,97.767,PERC,,BTFE,BTFE,BLOOMBERG,1,D2C,MTF,DBFTFB,49a39184-31e6-413c-ab32-f68e71daea46
2022-07-14 13:09:09.715000,FR0014007TY9,Corporate bond,DIRECTION GENERALE DU TRESOR,0,2025-02-25,1800,EUR,97.787,PERC,,BTFE,BTFE,BLOOMBERG,1,D2C,MTF,DBFTFB,77434a53-fdb5-4c60-89e4-a58a937fc22f
2022-07-14 12:55:03.573000,FR0014007TY9,Corporate bond,DIRECTION GENERALE DU TRESOR,0,2025-02-25,9400,EUR,97.751,PERC,,BTFE,BTFE,BLOOMBERG,1,D2C,MTF,DBFTFB,6aceb086-778e-452b-98d1-5e6b2fdbfbc6
2022-07-14 10:45:46.022000,FR0014007TY9,Corporate bond,DIRECTION GENERALE DU TRESOR,0,2025-02-25,689000,EUR,97.718,PERC,,BTFE,BTFE,BLOOMBERG,1,D2C,MTF,DBFTFB,4b10e883-6571-46c7-9ce6-297a15c6d26e
2022-07-14 09:01:07.310000,FR0014007TY9,Corporate bond,DIRECTION GENERALE DU TRESOR,0,2025-02-25,2600000,EUR,97.67,PERC,,BTFE,BTFE,BLOOMBERG,1,D2C,MTF,DBFTFB,0d31c6ef-5a4a-4975-be9a-fb98156001c7
2022-07-13 13:08:08.704000,FR0014007TY9,Corporate bond,DIRECTION GENERALE DU TRESOR,0,2025-02-25,8900,EUR,98.018,PERC,,BTFE,BTFE,BLOOMBERG,1,D2C,MTF,DBFTFB,28200aeb-4928-4f75-81f9-8aa62b9affb3
2022-07-13 12:43:22.854000,FR0014007TY9,Corporate bond,DIRECTION GENERALE DU TRESOR,0,2025-02-25,14700,EUR,98.008,PERC,,BTFE,BTFE,BLOOMBERG,1,D2C,MTF,DBFTFB,4de26728-a47e-4ecb-bbb2-8b77cf1229c8
2022-07-13 12:14:23.798000,FR0014007TY9,Corporate bond,DIRECTION GENERALE DU TRESOR,0,2025-02-25,2000000,EUR,98.15,PERC,,BTFE,BTFE,BLOOMBERG,1,D2C,MTF,DBFTFB,bf77822f-15e6-4381-8938-03bb9ae17069
2022-07-13 11:19:41.811000,FR0014007TY9,Corporate bond,DIRECTION GENERALE DU TRESOR,0,2025-02-25,2000000,EUR,98.1515,PERC,,BTFE,BTFE,BLOOMBERG,1,D2C,MTF,DBFTFB,1703e991-777a-4a68-bd39-9ba03889d770
2022-07-13 11:19:32.828000,FR0014007TY9,Corporate bond,DIRECTION GENERALE DU TRESOR,0,2025-02-25,1000000,EUR,98.148,PERC,,BTFE,BTFE,BLOOMBERG,1,D2C,MTF,DBFTFB,9875bf59-aba4-4174-b869-ccf55cc78517
2022-07-13 11:18:17.128000,FR0014007TY9,Corporate bond,DIRECTION GENERALE DU TRESOR,0,2025-02-25,2000000,EUR,98.151,PERC,,BTFE,BTFE,BLOOMBERG,1,D2C,MTF,DBFTFB,218e4199-227d-4416-a401-83a481734dbb
2022-07-12 13:27:46.143000,FR0014007TY9,Corporate bond,DIRECTION GENERALE DU TRESOR,0,2025-02-25,4660,EUR,98.211,PERC,,BTFE,BTFE,BLOOMBERG,1,D2C,MTF,DBFTFB,57c1ce52-45d9-4041-8654-5fe50db94ec2
2022-07-12 12:58:29.174000,FR0014007TY9,Corporate bond,DIRECTION GENERALE DU TRESOR,0,2025-02-25,1700,EUR,98.174,PERC,,BTFE,BTFE,BLOOMBERG,1,D2C,MTF,DBFTFB,6c1bea5a-6239-452e-b40d-a31f0fa216d1
2022-07-12 12:54:41.846000,FR0014007TY9,Corporate bond,DIRECTION GENERALE DU TRESOR,0,2025-02-25,6900,EUR,98.169,PERC,,BTFE,BTFE,BLOOMBERG,1,D2C,MTF,DBFTFB,c40c4637-6c6f-4edf-a951-ce6fe8ad2990
2022-07-12 10:26:23.254000,FR0014007TY9,Corporate bond,DIRECTION GENERALE DU TRESOR,0,2025-02-25,6000,EUR,98.222,PERC,,BTFE,BTFE,BLOOMBERG,1,D2C,MTF,DBFTFB,531fca90-5e7f-49a9-ad60-ee036fb71296
2022-07-12 09:03:56.930000,FR0014007TY9,Corporate bond,DIRECTION GENERALE DU TRESOR,0,2025-02-25,400000,EUR,98.266,PERC,,BTFE,BTFE,BLOOMBERG,1,D2C,MTF,DBFTFB,0353c6b3-626e-49ed-a1b9-6b5f3cb0b012
2022-07-12 06:37:07.648419,FR0014007TY9,Corporate bond,DIRECTION GENERALE DU TRESOR,0,2025-02-25,60400000,EUR,97.745132,PERC,IDAF LRGS TPAC,BTFE,BTFE,BLOOMBERG,8,D2C,MTF,DBFTFB,
2022-07-11 13:03:00.857000,FR0014007TY9,Corporate bond,DIRECTION GENERALE DU TRESOR,0,2025-02-25,4200,EUR,97.932,PERC,,BTFE,BTFE,BLOOMBERG,1,D2C,MTF,DBFTFB,d204d954-8e61-4f78-8d28-3c5e956c5bb6
2022-07-11 12:46:22.429000,FR0014007TY9,Corporate bond,DIRECTION GENERALE DU TRESOR,0,2025-02-25,14600,EUR,97.897,PERC,,BTFE,BTFE,BLOOMBERG,1,D2C,MTF,DBFTFB,966d19cf-968e-493e-907c-0e503a67c1bf
2022-07-08 14:27:18.135000,FR0014007TY9,Corporate bond,DIRECTION GENERALE DU TRESOR,0,2025-02-25,6700,EUR,97.816,PERC,,BTFE,BTFE,BLOOMBERG,1,D2C,MTF,DBFTFB,9449b2b5-932d-40e7-b939-37ee0ad0df87
2022-07-08 14:11:03.332000,FR0014007TY9,Corporate bond,DIRECTION GENERALE DU TRESOR,0,2025-02-25,30000,EUR,97.825,PERC,,BTFE,BTFE,BLOOMBERG,1,D2C,MTF,DBFTFB,8cd82719-3151-4473-a3ae-d94eed1ab0a1
2022-07-08 12:52:36.588000,FR0014007TY9,Corporate bond,DIRECTION GENERALE DU TRESOR,0,2025-02-25,6700,EUR,97.747,PERC,,BTFE,BTFE,BLOOMBERG,1,D2C,MTF,DBFTFB,9c750735-9bcb-4f37-acf2-fdc1a804930e
2022-07-08 10:35:01.553000,FR0014007TY9,Corporate bond,DIRECTION GENERALE DU TRESOR,0,2025-02-25,200000,EUR,97.887,PERC,,BTFE,BTFE,BLOOMBERG,1,D2C,MTF,DBFTFB,5177dc9a-01b4-4390-9c8b-722e02b8bfe8
2022-07-07 12:42:19.790000,FR0014007TY9,Corporate bond,DIRECTION GENERALE DU TRESOR,0,2025-02-25,10400,EUR,97.797,PERC,,BTFE,BTFE,BLOOMBERG,1,D2C,MTF,DBFTFB,3c40ad60-1705-4616-94e8-4328bb63b498
2022-07-07 12:37:47.418000,FR0014007TY9,Corporate bond,DIRECTION GENERALE DU TRESOR,0,2025-02-25,5600,EUR,97.81,PERC,,BTFE,BTFE,BLOOMBERG,1,D2C,MTF,DBFTFB,2e68be99-96ec-48f9-864b-3af1edb01cbc
2022-07-06 13:14:18.340000,FR0014007TY9,Corporate bond,DIRECTION GENERALE DU TRESOR,0,2025-02-25,3800,EUR,98.261,PERC,,BTFE,BTFE,BLOOMBERG,1,D2C,MTF,DBFTFB,4c8a5b3e-2bb0-4315-9f08-e65ce33fa49d
2022-07-06 08:02:36.672000,FR0014007TY9,Corporate bond,DIRECTION GENERALE DU TRESOR,0,2025-02-25,100000,EUR,97.918,PERC,,BTFE,BTFE,BLOOMBERG,1,D2C,MTF,DBFTFB,79dfa19d-2fbc-459e-8f84-0b9247e24bc3
2022-07-05 12:59:45.157000,FR0014007TY9,Corporate bond,DIRECTION GENERALE DU TRESOR,0,2025-02-25,15800,EUR,97.753,PERC,,BTFE,BTFE,BLOOMBERG,1,D2C,MTF,DBFTFB,9069e752-4112-4dcd-8907-b2bc46203ce1
2022-07-05 12:53:19.944000,FR0014007TY9,Corporate bond,DIRECTION GENERALE DU TRESOR,0,2025-02-25,5300,EUR,97.753,PERC,,BTFE,BTFE,BLOOMBERG,1,D2C,MTF,DBFTFB,08244793-8e9f-4252-8a07-b97d1fc2781e
2022-07-05 10:06:25.340000,FR0014007TY9,Corporate bond,DIRECTION GENERALE DU TRESOR,0,2025-02-25,400000,EUR,97.668,PERC,,BTFE,BTFE,BLOOMBERG,1,D2C,MTF,DBFTFB,3af15879-2f24-4ba3-a53a-b69814178e0c
2022-07-05 08:16:16.701000,FR0014007TY9,Corporate bond,DIRECTION GENERALE DU TRESOR,0,2025-02-25,251600,EUR,97.637,PERC,,BTFE,BTFE,BLOOMBERG,1,D2C,MTF,DBFTFB,78608ab1-d7bc-44d8-80e6-926790127397
2022-07-05 08:15:24.089000,FR0014007TY9,Corporate bond,DIRECTION GENERALE DU TRESOR,0,2025-02-25,251600,EUR,97.669,PERC,,BTFE,BTFE,BLOOMBERG,1,D2C,MTF,DBFTFB,92733017-baa1-4789-a578-69925e2f853b
2022-07-05 06:49:08.445964,FR0014007TY9,Corporate bond,DIRECTION GENERALE DU TRESOR,0,2025-02-25,28000000,EUR,97.1105,PERC,IDAF SIZE,BTFE,BTFE,BLOOMBERG,3,D2C,MTF,DBFTFB,
2022-07-04 13:18:09.987000,FR0014007TY9,Corporate bond,DIRECTION GENERALE DU TRESOR,0,2025-02-25,352000,EUR,97.47,PERC,,BTFE,BTFE,BLOOMBERG,1,D2C,MTF,DBFTFB,3f0e4fe9-91b9-4d80-ac94-94e7f3102d77
2022-07-04 13:08:52.826000,FR0014007TY9,Corporate bond,DIRECTION GENERALE DU TRESOR,0,2025-02-25,2600,EUR,97.505,PERC,,BTFE,BTFE,BLOOMBERG,1,D2C,MTF,DBFTFB,bbd6c2b8-cb0d-4ba3-96ab-649a2eddc245
2022-07-04 13:01:43.978000,FR0014007TY9,Corporate bond,DIRECTION GENERALE DU TRESOR,0,2025-02-25,20800,EUR,97.499,PERC,,BTFE,BTFE,BLOOMBERG,1,D2C,MTF,DBFTFB,d03cb619-c704-4ba4-a1b2-64f94e5209fb
2022-07-04 11:46:53.501000,FR0014007TY9,Corporate bond,DIRECTION GENERALE DU TRESOR,0,2025-02-25,520000,EUR,97.497,PERC,,BTFE,BTFE,BLOOMBERG,1,D2C,MTF,DBFTFB,763fd5ac-d32b-40bd-8c13-774f38946b26
2022-07-04 10:47:41.124000,FR0014007TY9,Corporate bond,DIRECTION GENERALE DU TRESOR,0,2025-02-25,2400000,EUR,97.563,PERC,,BTFE,BTFE,BLOOMBERG,1,D2C,MTF,DBFTFB,2266aa82-ec63-4fe4-8520-f7c1cfe72b07
2022-07-04 10:09:01.239000,FR0014007TY9,Corporate bond,DIRECTION GENERALE DU TRESOR,0,2025-02-25,1500000,EUR,97.512,PERC,,BTFE,BTFE,BLOOMBERG,1,D2C,MTF,DBFTFB,bcf16f2a-d181-413c-a552-b7287fb728cb
2022-07-04 10:07:07.154000,FR0014007TY9,Corporate bond,DIRECTION GENERALE DU TRESOR,0,2025-02-25,1000000,EUR,97.503,PERC,,BTFE,BTFE,BLOOMBERG,1,D2C,MTF,DBFTFB,fb9adbe4-a35c-41c4-b827-d3c61cc1eefe
2022-07-04 07:44:17.795000,FR0014007TY9,Corporate bond,DIRECTION GENERALE DU TRESOR,0,2025-02-25,2000000,EUR,97.601,PERC,,BTFE,BTFE,BLOOMBERG,1,D2C,MTF,DBFTFB,6df3efff-4012-4aca-b178-354fc859bcf1
2022-07-01 13:23:37.631000,FR0014007TY9,Corporate bond,DIRECTION GENERALE DU TRESOR,0,2025-02-25,23600,EUR,97.757,PERC,,BTFE,BTFE,BLOOMBERG,1,D2C,MTF,DBFTFB,4edb276e-9ec1-478d-ab8a-c304f90ad956
2022-07-01 13:16:58.886000,FR0014007TY9,Corporate bond,DIRECTION GENERALE DU TRESOR,0,2025-02-25,750000,EUR,97.788,PERC,,BTFE,BTFE,BLOOMBERG,1,D2C,MTF,DBFTFB,73e1918a-feb6-4b0a-8f65-9c632f017777
2022-07-01 12:54:27.520000,FR0014007TY9,Corporate bond,DIRECTION GENERALE DU TRESOR,0,2025-02-25,5700,EUR,97.713,PERC,,BTFE,BTFE,BLOOMBERG,1,D2C,MTF,DBFTFB,9d65ae02-9927-4c84-9770-6d890d0fae95
2022-07-01 11:12:57.125000,FR0014007TY9,Corporate bond,DIRECTION GENERALE DU TRESOR,0,2025-02-25,104000,EUR,97.604,PERC,,BTFE,BTFE,BLOOMBERG,1,D2C,MTF,DBFTFB,860f099c-ab5b-4de8-a7d8-a7181684304b
2022-07-01 10:49:42.248000,FR0014007TY9,Corporate bond,DIRECTION GENERALE DU TRESOR,0,2025-02-25,23712,EUR,97.469,PERC,,BTFE,BTFE,BLOOMBERG,1,D2C,MTF,DBFTFB,7cbb57b9-fb52-4e3b-9ed0-50403d451932
2022-07-01 10:45:36.545000,FR0014007TY9,Corporate bond,DIRECTION GENERALE DU TRESOR,0,2025-02-25,231000,EUR,97.47,PERC,,BTFE,BTFE,BLOOMBERG,1,D2C,MTF,DBFTFB,7d891761-7836-4e5d-ae50-f9cce0a16b44
2022-06-30 12:45:07.108000,FR0014007TY9,Corporate bond,DIRECTION GENERALE DU TRESOR,0,2025-02-25,11500,EUR,97.353,PERC,,BTFE,BTFE,BLOOMBERG,1,D2C,MTF,DBFTFB,51f30288-28a5-4c30-83de-cb936a4205c2
2022-06-30 12:38:26.345000,FR0014007TY9,Corporate bond,DIRECTION GENERALE DU TRESOR,0,2025-02-25,11700,EUR,97.351,PERC,,BTFE,BTFE,BLOOMBERG,1,D2C,MTF,DBFTFB,48eaa9ea-bd1f-4242-832a-e9a55625071c
2022-06-29 13:12:10.207000,FR0014007TY9,Corporate bond,DIRECTION GENERALE DU TRESOR,0,2025-02-25,2000,EUR,96.712,PERC,,BTFE,BTFE,BLOOMBERG,1,D2C,MTF,DBFTFB,b22e065c-2e7b-4e11-a416-658cbf1479c1
2022-06-29 13:06:32.976000,FR0014007TY9,Corporate bond,DIRECTION GENERALE DU TRESOR,0,2025-02-25,18100,EUR,96.7,PERC,,BTFE,BTFE,BLOOMBERG,1,D2C,MTF,DBFTFB,6e96e28c-38a4-40b2-bdec-cc7e7c36bafd
2022-06-29 13:04:02.513000,FR0014007TY9,Corporate bond,DIRECTION GENERALE DU TRESOR,0,2025-02-25,83000,EUR,96.699,PERC,,BTFE,BTFE,BLOOMBERG,1,D2C,MTF,DBFTFB,8936b561-0d96-4944-bb81-893041aa8e81
2022-06-29 12:50:22.562000,FR0014007TY9,Corporate bond,DIRECTION GENERALE DU TRESOR,0,2025-02-25,6600,EUR,96.754,PERC,,BTFE,BTFE,BLOOMBERG,1,D2C,MTF,DBFTFB,190ca991-2a03-4980-99aa-95c20fe9cc4d
2022-06-29 10:24:41.851000,FR0014007TY9,Corporate bond,DIRECTION GENERALE DU TRESOR,0,2025-02-25,16000,EUR,96.67,PERC,,BTFE,BTFE,BLOOMBERG,1,D2C,MTF,DBFTFB,e64a3341-6c40-49ea-b645-528140e50778
2022-06-28 12:40:03.587000,FR0014007TY9,Corporate bond,DIRECTION GENERALE DU TRESOR,0,2025-02-25,3600,EUR,96.594,PERC,,BTFE,BTFE,BLOOMBERG,1,D2C,MTF,DBFTFB,cfb67b9d-bb76-4262-8bdf-7740ddad5457
2022-06-28 10:27:34.630000,FR0014007TY9,Corporate bond,DIRECTION GENERALE DU TRESOR,0,2025-02-25,123000,EUR,96.567,PERC,,BTFE,BTFE,BLOOMBERG,1,D2C,MTF,DBFTFB,5accd825-309f-401a-a1aa-4d556724de05
2022-06-28 07:33:00.699000,FR0014007TY9,Corporate bond,DIRECTION GENERALE DU TRESOR,0,2025-02-25,30000,EUR,96.611,PERC,,BTFE,BTFE,BLOOMBERG,1,D2C,MTF,DBFTFB,f35850a2-f006-48fd-97df-57d86857439a
2022-06-28 06:53:06.341084,FR0014007TY9,Corporate bond,DIRECTION GENERALE DU TRESOR,0,2025-02-25,28800000,EUR,96.564208,PERC,IDAF LRGS,BTFE,BTFE,BLOOMBERG,4,D2C,MTF,DBFTFB,
2022-06-27 15:23:20.439000,FR0014007TY9,Corporate bond,DIRECTION GENERALE DU TRESOR,0,2025-02-25,4000,EUR,96.824,PERC,,BTFE,BTFE,BLOOMBERG,1,D2C,MTF,DBFTFB,8ef7e216-a50a-4900-acaa-ca6488f5a3d0
2022-06-27 15:20:32.019000,FR0014007TY9,Corporate bond,DIRECTION GENERALE DU TRESOR,0,2025-02-25,340000,EUR,96.845,PERC,,BTFE,BTFE,BLOOMBERG,1,D2C,MTF,DBFTFB,a6802cc3-35e5-498f-89ca-88a01255c43f
2022-06-27 14:52:09.388000,FR0014007TY9,Corporate bond,DIRECTION GENERALE DU TRESOR,0,2025-02-25,556000,EUR,96.839,PERC,,BTFE,BTFE,BLOOMBERG,1,D2C,MTF,DBFTFB,abe8cae6-b99f-4b87-8a9a-8dfd2eb6155e
2022-06-27 14:45:16.219000,FR0014007TY9,Corporate bond,DIRECTION GENERALE DU TRESOR,0,2025-02-25,200000,EUR,96.826,PERC,,BTFE,BTFE,BLOOMBERG,1,D2C,MTF,DBFTFB,bc5a945f-e3ed-46be-9f79-a824feea34d5
2022-06-27 13:49:47.678000,FR0014007TY9,Corporate bond,DIRECTION GENERALE DU TRESOR,0,2025-02-25,10000,EUR,96.909,PERC,,BTFE,BTFE,BLOOMBERG,1,D2C,MTF,DBFTFB,51f35966-8e89-483b-a28a-e3d8a98b371d
2022-06-27 12:48:23.602000,FR0014007TY9,Corporate bond,DIRECTION GENERALE DU TRESOR,0,2025-02-25,4300,EUR,96.79,PERC,,BTFE,BTFE,BLOOMBERG,1,D2C,MTF,DBFTFB,109a0202-8026-4b1d-a720-9fa26a634c35
2022-06-27 11:56:13.933000,FR0014007TY9,Corporate bond,DIRECTION GENERALE DU TRESOR,0,2025-02-25,500000,EUR,96.835,PERC,,BTFE,BTFE,BLOOMBERG,1,D2C,MTF,DBFTFB,6fe99fb8-1531-4cff-af10-c7b11e2534a4
2022-06-27 11:19:33.914000,FR0014007TY9,Corporate bond,DIRECTION GENERALE DU TRESOR,0,2025-02-25,400000,EUR,96.85,PERC,,BTFE,BTFE,BLOOMBERG,1,D2C,MTF,DBFTFB,3d951191-a3c2-471f-95fe-9b3fc584be9c
2022-06-27 09:57:25.989000,FR0014007TY9,Corporate bond,DIRECTION GENERALE DU TRESOR,0,2025-02-25,2000000,EUR,96.875,PERC,,BTFE,BTFE,BLOOMBERG,1,D2C,MTF,DBFTFB,3c6e121a-32b7-4cf0-8cd1-aec95026883a
2022-06-24 15:33:03.970000,FR0014007TY9,Corporate bond,DIRECTION GENERALE DU TRESOR,0,2025-02-25,330000,EUR,97.042,PERC,,BTFE,BTFE,BLOOMBERG,1,D2C,MTF,DBFTFB,915e53a5-a95f-4f8a-b8b7-0d6de308a220
2022-06-24 15:22:43.055000,FR0014007TY9,Corporate bond,DIRECTION GENERALE DU TRESOR,0,2025-02-25,70000,EUR,97.051,PERC,,BTFE,BTFE,BLOOMBERG,1,D2C,MTF,DBFTFB,323f02f5-d557-446b-874d-d3034552c972
2022-06-24 13:09:16.316000,FR0014007TY9,Corporate bond,DIRECTION GENERALE DU TRESOR,0,2025-02-25,517000,EUR,96.946,PERC,,BTFE,BTFE,BLOOMBERG,1,D2C,MTF,DBFTFB,93816017-37a9-4795-b1c7-94f6cd01e607
2022-06-24 13:07:42.130000,FR0014007TY9,Corporate bond,DIRECTION GENERALE DU TRESOR,0,2025-02-25,2100,EUR,96.95,PERC,,BTFE,BTFE,BLOOMBERG,1,D2C,MTF,DBFTFB,900b3521-5a13-4add-a074-77e0a980c709
2022-06-24 08:59:57.604000,FR0014007TY9,Corporate bond,DIRECTION GENERALE DU TRESOR,0,2025-02-25,858000,EUR,96.932,PERC,,BTFE,BTFE,BLOOMBERG,1,D2C,MTF,DBFTFB,3f860503-1e43-422d-b709-30adb6f18e8b
2022-06-23 15:25:23.028000,FR0014007TY9,Corporate bond,DIRECTION GENERALE DU TRESOR,0,2025-02-25,7500,EUR,97.003,PERC,,BTFE,BTFE,BLOOMBERG,1,D2C,MTF,DBFTFB,83b0ac66-a2de-4632-9ec7-c37c0be26deb
2022-06-23 15:16:01.819000,FR0014007TY9,Corporate bond,DIRECTION GENERALE DU TRESOR,0,2025-02-25,1100000,EUR,97.021,PERC,,BTFE,BTFE,BLOOMBERG,1,D2C,MTF,DBFTFB,0f8d237f-f20b-49fb-a1ab-9bf0777cc3aa
2022-06-23 13:03:34.127000,FR0014007TY9,Corporate bond,DIRECTION GENERALE DU TRESOR,0,2025-02-25,10800,EUR,96.959,PERC,,BTFE,BTFE,BLOOMBERG,1,D2C,MTF,DBFTFB,70050b4c-8080-4c3c-aeb9-c2257829f9e9
2022-06-22 13:58:22.997000,FR0014007TY9,Corporate bond,DIRECTION GENERALE DU TRESOR,0,2025-02-25,216000,EUR,96.414,PERC,,BTFE,BTFE,BLOOMBERG,1,D2C,MTF,DBFTFB,7abc8632-8c97-4cb8-83bd-271768916848
2022-06-22 13:40:56.366000,FR0014007TY9,Corporate bond,DIRECTION GENERALE DU TRESOR,0,2025-02-25,700000,EUR,96.426,PERC,,BTFE,BTFE,BLOOMBERG,1,D2C,MTF,DBFTFB,2aee862b-3ab8-4d9b-9394-3c8184440faf
2022-06-22 13:02:46.105000,FR0014007TY9,Corporate bond,DIRECTION GENERALE DU TRESOR,0,2025-02-25,10100,EUR,96.442,PERC,,BTFE,BTFE,BLOOMBERG,1,D2C,MTF,DBFTFB,3461e575-5ad3-4d93-a4df-ae676efe1a97
2022-06-21 13:41:22.530000,FR0014007TY9,Corporate bond,DIRECTION GENERALE DU TRESOR,0,2025-02-25,56000,EUR,96.11,PERC,,BTFE,BTFE,BLOOMBERG,1,D2C,MTF,DBFTFB,a07e8de7-6adf-4aac-ae7f-d2ffb51b8490
2022-06-21 13:17:59.726000,FR0014007TY9,Corporate bond,DIRECTION GENERALE DU TRESOR,0,2025-02-25,6800,EUR,96.159,PERC,,BTFE,BTFE,BLOOMBERG,1,D2C,MTF,DBFTFB,23b51062-b58c-4b2d-b532-bf9c2c450b27
2022-06-21 13:13:22.961000,FR0014007TY9,Corporate bond,DIRECTION GENERALE DU TRESOR,0,2025-02-25,2300,EUR,96.149,PERC,,BTFE,BTFE,BLOOMBERG,1,D2C,MTF,DBFTFB,0bd16971-5469-47f3-95ba-d7fb542346ff
2022-06-21 07:22:24.186000,FR0014007TY9,Corporate bond,DIRECTION GENERALE DU TRESOR,0,2025-02-25,9000,EUR,96.19,PERC,,BTFE,BTFE,BLOOMBERG,1,D2C,MTF,DBFTFB,c8d618e3-cd37-4241-9ed9-4a112dd1810d
2022-06-21 06:51:33.658001,FR0014007TY9,Corporate bond,DIRECTION GENERALE DU TRESOR,0,2025-02-25,235670000,EUR,96.060412,PERC,IDAF SIZE,BTFE,BTFE,BLOOMBERG,23,D2C,MTF,DBFTFB,
2022-06-20 15:10:21.257000,FR0014007TY9,Corporate bond,DIRECTION GENERALE DU TRESOR,0,2025-02-25,108000,EUR,96.133,PERC,,BTFE,BTFE,BLOOMBERG,1,D2C,MTF,DBFTFB,51b9d0ad-7692-4df2-9596-d961e5b6b32c
2022-06-20 12:41:27.811000,FR0014007TY9,Corporate bond,DIRECTION GENERALE DU TRESOR,0,2025-02-25,4400,EUR,96.231,PERC,,BTFE,BTFE,BLOOMBERG,1,D2C,MTF,DBFTFB,16186eb0-8563-4caa-8ce2-f2136ef54d31
2022-06-20 10:46:02.675000,FR0014007TY9,Corporate bond,DIRECTION GENERALE DU TRESOR,0,2025-02-25,18000,EUR,96.28,PERC,,BTFE,BTFE,BLOOMBERG,1,D2C,MTF,DBFTFB,621d03b1-af9e-4309-bfaa-20dbce46680a
2022-06-20 10:13:36.188000,FR0014007TY9,Corporate bond,DIRECTION GENERALE DU TRESOR,0,2025-02-25,1000000,EUR,96.316,PERC,,BTFE,BTFE,BLOOMBERG,1,D2C,MTF,DBFTFB,9fadb8b4-1b72-4613-9244-5d46596dec2c
2022-06-20 10:13:08.799000,FR0014007TY9,Corporate bond,DIRECTION GENERALE DU TRESOR,0,2025-02-25,1000000,EUR,96.3273,PERC,,BTFE,BTFE,BLOOMBERG,1,D2C,MTF,DBFTFB,467e6eaf-fa54-42ad-8803-1b0ab9417dc5
2022-06-20 08:31:39.888000,FR0014007TY9,Corporate bond,DIRECTION GENERALE DU TRESOR,0,2025-02-25,2000000,EUR,96.336,PERC,,BTFE,BTFE,BLOOMBERG,1,D2C,MTF,DBFTFB,1b29a6ed-4bd9-4092-96ec-2d246f346afb
2022-06-17 14:22:06.774000,FR0014007TY9,Corporate bond,DIRECTION GENERALE DU TRESOR,0,2025-02-25,106000,EUR,96.031,PERC,,BTFE,BTFE,BLOOMBERG,1,D2C,MTF,DBFTFB,a6a48065-513b-433b-b008-cb421b455b8c
2022-06-17 07:47:00.951000,FR0014007TY9,Corporate bond,DIRECTION GENERALE DU TRESOR,0,2025-02-25,1900000,EUR,96.051,PERC,,BTFE,BTFE,BLOOMBERG,1,D2C,MTF,DBFTFB,b6d9798c-9067-4597-a138-76e7154f3b8c
2022-06-16 14:22:01.941000,FR0014007TY9,Corporate bond,DIRECTION GENERALE DU TRESOR,0,2025-02-25,698000,EUR,95.819,PERC,,BTFE,BTFE,BLOOMBERG,1,D2C,MTF,DBFTFB,a2389747-78fc-45a6-8504-634fa266692d
2022-06-16 12:53:59.232000,FR0014007TY9,Corporate bond,DIRECTION GENERALE DU TRESOR,0,2025-02-25,16100,EUR,95.806,PERC,,BTFE,BTFE,BLOOMBERG,1,D2C,MTF,DBFTFB,dc1a1c58-96d3-4b18-bf38-1ebcaab6b5ea
2022-06-16 12:41:41.263000,FR0014007TY9,Corporate bond,DIRECTION GENERALE DU TRESOR,0,2025-02-25,14000,EUR,95.837,PERC,,BTFE,BTFE,BLOOMBERG,1,D2C,MTF,DBFTFB,90e96a9f-25af-4e8d-8ce8-999634fd455e
2022-06-16 12:30:49.823000,FR0014007TY9,Corporate bond,DIRECTION GENERALE DU TRESOR,0,2025-02-25,15700,EUR,95.827,PERC,,BTFE,BTFE,BLOOMBERG,1,D2C,MTF,DBFTFB,7295510f-5269-4a2c-8d2a-7b06165f6240
2022-06-16 11:32:54.621000,FR0014007TY9,Corporate bond,DIRECTION GENERALE DU TRESOR,0,2025-02-25,138000,EUR,95.75,PERC,,BTFE,BTFE,BLOOMBERG,1,D2C,MTF,DBFTFB,b92dd451-0cd8-4855-9f6c-9749e3716cf1
2022-06-15 14:31:41.805000,FR0014007TY9,Corporate bond,DIRECTION GENERALE DU TRESOR,0,2025-02-25,1000000,EUR,96.268,PERC,,BTFE,BTFE,BLOOMBERG,1,D2C,MTF,DBFTFB,f1ac2bfb-69d1-432a-977f-1f1bb590676f
2022-06-15 13:10:46.611000,FR0014007TY9,Corporate bond,DIRECTION GENERALE DU TRESOR,0,2025-02-25,8100,EUR,96.262,PERC,,BTFE,BTFE,BLOOMBERG,1,D2C,MTF,DBFTFB,d4058cf5-cd63-4eba-9930-6119c5d07b69
2022-06-15 12:56:06.728000,FR0014007TY9,Corporate bond,DIRECTION GENERALE DU TRESOR,0,2025-02-25,19000,EUR,96.214,PERC,,BTFE,BTFE,BLOOMBERG,1,D2C,MTF,DBFTFB,f0786799-1a69-42ec-a086-9d19f4bc3bc5
2022-06-15 12:28:41.405000,FR0014007TY9,Corporate bond,DIRECTION GENERALE DU TRESOR,0,2025-02-25,38000,EUR,96.085,PERC,,BTFE,BTFE,BLOOMBERG,1,D2C,MTF,DBFTFB,ff1c30d2-02d9-42be-9ff0-c43744d90291
2022-06-15 11:34:33.850000,FR0014007TY9,Corporate bond,DIRECTION GENERALE DU TRESOR,0,2025-02-25,900000,EUR,96.103,PERC,,BTFE,BTFE,BLOOMBERG,1,D2C,MTF,DBFTFB,056cfd59-17e9-4ac4-a6eb-92461ed6a3f4
2022-06-15 09:17:22.245000,FR0014007TY9,Corporate bond,DIRECTION GENERALE DU TRESOR,0,2025-02-25,2000000,EUR,95.95,PERC,,BTFE,BTFE,BLOOMBERG,1,D2C,MTF,DBFTFB,e8590415-42aa-4860-921a-5934b6f87c69
2022-06-14 13:33:18.249000,FR0014007TY9,Corporate bond,DIRECTION GENERALE DU TRESOR,0,2025-02-25,40000,EUR,95.989,PERC,,BTFE,BTFE,BLOOMBERG,1,D2C,MTF,DBFTFB,48a7e28c-1782-44e5-a2ba-38e52f174675
2022-06-14 11:37:56.574000,FR0014007TY9,Corporate bond,DIRECTION GENERALE DU TRESOR,0,2025-02-25,8000,EUR,95.946,PERC,,BTFE,BTFE,BLOOMBERG,1,D2C,MTF,DBFTFB,5ede547d-9891-4b01-ba01-ebf07108d06b
2022-06-14 11:26:45.587000,FR0014007TY9,Corporate bond,DIRECTION GENERALE DU TRESOR,0,2025-02-25,16000,EUR,95.972,PERC,,BTFE,BTFE,BLOOMBERG,1,D2C,MTF,DBFTFB,268ce413-764e-421c-a575-ee1f3d89a4c9
2022-06-14 11:12:36.727000,FR0014007TY9,Corporate bond,DIRECTION GENERALE DU TRESOR,0,2025-02-25,2000,EUR,95.977,PERC,,BTFE,BTFE,BLOOMBERG,1,D2C,MTF,DBFTFB,c55ddb89-aabb-4ac3-a762-0c7d09f2738f
2022-06-14 06:48:15.042473,FR0014007TY9,Corporate bond,DIRECTION GENERALE DU TRESOR,0,2025-02-25,60200000,EUR,97.481626,PERC,IDAF LRGS,BTFE,BTFE,BLOOMBERG,7,D2C,MTF,DBFTFB,
2022-06-13 14:33:03.226000,FR0014007TY9,Corporate bond,DIRECTION GENERALE DU TRESOR,0,2025-02-25,300000,EUR,96.119,PERC,,BTFE,BTFE,BLOOMBERG,1,D2C,MTF,DBFTFB,0e12e769-6a3a-4969-ae91-950c644c314e
2022-06-13 13:00:18.900000,FR0014007TY9,Corporate bond,DIRECTION GENERALE DU TRESOR,0,2025-02-25,23600,EUR,96.166,PERC,,BTFE,BTFE,BLOOMBERG,1,D2C,MTF,DBFTFB,f479f69c-2a02-4557-b7a3-414c048995b1
2022-06-13 11:51:19.060000,FR0014007TY9,Corporate bond,DIRECTION GENERALE DU TRESOR,0,2025-02-25,4000,EUR,96.086,PERC,,BTFE,BTFE,BLOOMBERG,1,D2C,MTF,DBFTFB,ffb037d1-a53c-4a47-926d-07f904434cb1
2022-06-13 10:34:07.776000,FR0014007TY9,Corporate bond,DIRECTION GENERALE DU TRESOR,0,2025-02-25,1000,EUR,96.225,PERC,,BTFE,BTFE,BLOOMBERG,1,D2C,MTF,DBFTFB,76dcf34e-cc23-4a63-a21c-ea39a536b42e
2022-06-13 08:42:00.015000,FR0014007TY9,Corporate bond,DIRECTION GENERALE DU TRESOR,0,2025-02-25,1000000,EUR,96.259,PERC,,BTFE,BTFE,BLOOMBERG,1,D2C,MTF,DBFTFB,2d9380fa-dfba-4af2-b22a-d403b58060e9
2022-06-10 13:24:16.916000,FR0014007TY9,Corporate bond,DIRECTION GENERALE DU TRESOR,0,2025-02-25,400000,EUR,96.728,PERC,,BTFE,BTFE,BLOOMBERG,1,D2C,MTF,DBFTFB,f4350998-4d26-463c-8c4a-11c97dd7dc5d
2022-06-10 13:16:08.893000,FR0014007TY9,Corporate bond,DIRECTION GENERALE DU TRESOR,0,2025-02-25,7600,EUR,96.74,PERC,,BTFE,BTFE,BLOOMBERG,1,D2C,MTF,DBFTFB,c5a1ce11-c306-45ad-9ea4-576e76e4841d
2022-06-10 13:08:29.445000,FR0014007TY9,Corporate bond,DIRECTION GENERALE DU TRESOR,0,2025-02-25,3500,EUR,96.773,PERC,,BTFE,BTFE,BLOOMBERG,1,D2C,MTF,DBFTFB,cf722914-7c22-4ac3-a341-0806e38df785
2022-06-10 09:36:54.792000,FR0014007TY9,Corporate bond,DIRECTION GENERALE DU TRESOR,0,2025-02-25,1000000,EUR,97.02,PERC,,BTFE,BTFE,BLOOMBERG,1,D2C,MTF,DBFTFB,d697f192-a276-4e7e-a6c9-fc87e9d76bb8
2022-06-09 11:00:01.695000,FR0014007TY9,Corporate bond,DIRECTION GENERALE DU TRESOR,0,2025-02-25,4900,EUR,97.399,PERC,,BTFE,BTFE,BLOOMBERG,1,D2C,MTF,DBFTFB,f36a2289-5a0f-40f2-ac2f-bfb0099e74e7
2022-06-09 10:10:08.446000,FR0014007TY9,Corporate bond,DIRECTION GENERALE DU TRESOR,0,2025-02-25,8000,EUR,97.357,PERC,,BTFE,BTFE,BLOOMBERG,1,D2C,MTF,DBFTFB,b4b70c4a-56dc-4561-bc35-3f2a8abc81fc
2022-06-09 09:28:33.421000,FR0014007TY9,Corporate bond,DIRECTION GENERALE DU TRESOR,0,2025-02-25,1500000,EUR,97.344,PERC,,BTFE,BTFE,BLOOMBERG,1,D2C,MTF,DBFTFB,261a61d6-ed07-40e2-b97c-88199299ab55
2022-06-08 13:31:06.373000,FR0014007TY9,Corporate bond,DIRECTION GENERALE DU TRESOR,0,2025-02-25,40000,EUR,97.332,PERC,,BTFE,BTFE,BLOOMBERG,1,D2C,MTF,DBFTFB,0567b91f-c7f3-4e75-8d7a-9e11c2257a6d
2022-06-08 13:13:00.030000,FR0014007TY9,Corporate bond,DIRECTION GENERALE DU TRESOR,0,2025-02-25,1300,EUR,97.334,PERC,,BTFE,BTFE,BLOOMBERG,1,D2C,MTF,DBFTFB,a6ebc955-7e2d-4a1a-b293-6da236dbfaaf
2022-06-08 13:01:12.494000,FR0014007TY9,Corporate bond,DIRECTION GENERALE DU TRESOR,0,2025-02-25,400000,EUR,97.315,PERC,,BTFE,BTFE,BLOOMBERG,1,D2C,MTF,DBFTFB,c1baf34c-a83a-4029-a5d4-f7b539b47dd1
2022-06-08 11:15:22.876000,FR0014007TY9,Corporate bond,DIRECTION GENERALE DU TRESOR,0,2025-02-25,403000,EUR,97.305,PERC,,BTFE,BTFE,BLOOMBERG,1,D2C,MTF,DBFTFB,cba9b056-faf9-4d3c-8a33-dbc553b262b0
2022-06-08 10:58:11.790000,FR0014007TY9,Corporate bond,DIRECTION GENERALE DU TRESOR,0,2025-02-25,300000,EUR,97.328,PERC,,BTFE,BTFE,BLOOMBERG,1,D2C,MTF,DBFTFB,5815c5d4-bc80-40d6-84ab-ad5abb01fd41
2022-06-08 10:06:55.196000,FR0014007TY9,Corporate bond,DIRECTION GENERALE DU TRESOR,0,2025-02-25,500000,EUR,97.364,PERC,,BTFE,BTFE,BLOOMBERG,1,D2C,MTF,DBFTFB,36519c36-818e-4128-bf32-3abf71f3cf4f
2022-06-08 09:27:51.330000,FR0014007TY9,Corporate bond,DIRECTION GENERALE DU TRESOR,0,2025-02-25,1000000,EUR,97.361,PERC,,BTFE,BTFE,BLOOMBERG,1,D2C,MTF,DBFTFB,68aa1121-db63-4677-961a-f67d7fb68308
2022-06-08 09:05:19.266000,FR0014007TY9,Corporate bond,DIRECTION GENERALE DU TRESOR,0,2025-02-25,1000000,EUR,97.4,PERC,,BTFE,BTFE,BLOOMBERG,1,D2C,MTF,DBFTFB,bf790fb2-e0ac-4041-a4f4-de7734446dfb
2022-06-08 09:05:14.765000,FR0014007TY9,Corporate bond,DIRECTION GENERALE DU TRESOR,0,2025-02-25,20000,EUR,97.394,PERC,,BTFE,BTFE,BLOOMBERG,1,D2C,MTF,DBFTFB,c0bfb356-84fb-4143-b419-be1da64dec98
2022-06-07 15:11:45.382000,FR0014007TY9,Corporate bond,DIRECTION GENERALE DU TRESOR,0,2025-02-25,1100000,EUR,97.554,PERC,,BTFE,BTFE,BLOOMBERG,1,D2C,MTF,DBFTFB,2280f9fc-fbae-4e6c-abb6-8dde64fdfa3b
2022-06-07 14:31:47.605000,FR0014007TY9,Corporate bond,DIRECTION GENERALE DU TRESOR,0,2025-02-25,11000,EUR,97.493,PERC,,BTFE,BTFE,BLOOMBERG,1,D2C,MTF,DBFTFB,efe69c81-27c7-4272-9aab-688726539827
2022-06-07 14:06:46.640000,FR0014007TY9,Corporate bond,DIRECTION GENERALE DU TRESOR,0,2025-02-25,10500,EUR,97.484,PERC,,BTFE,BTFE,BLOOMBERG,1,D2C,MTF,DBFTFB,b0bf8744-1029-41d2-bf57-2664c7cff20e
2022-06-07 13:53:59.925000,FR0014007TY9,Corporate bond,DIRECTION GENERALE DU TRESOR,0,2025-02-25,3600,EUR,97.506,PERC,,BTFE,BTFE,BLOOMBERG,1,D2C,MTF,DBFTFB,e4e309d0-6eef-4d78-a354-eb495e20408d
2022-06-07 12:43:30.063000,FR0014007TY9,Corporate bond,DIRECTION GENERALE DU TRESOR,0,2025-02-25,100000,EUR,97.523,PERC,,BTFE,BTFE,BLOOMBERG,1,D2C,MTF,DBFTFB,5a44fcb9-0dc8-4db9-9ecd-115f2b1f3a65
2022-06-07 11:14:41.912000,FR0014007TY9,Corporate bond,DIRECTION GENERALE DU TRESOR,0,2025-02-25,195000,EUR,97.473,PERC,,BTFE,BTFE,BLOOMBERG,1,D2C,MTF,DBFTFB,b1adfe8b-e278-4b37-981a-841ebac3b061
2022-06-07 09:38:12.302000,FR0014007TY9,Corporate bond,DIRECTION GENERALE DU TRESOR,0,2025-02-25,107000,EUR,97.492,PERC,,BTFE,BTFE,BLOOMBERG,1,D2C,MTF,DBFTFB,9dae2719-4a9c-40db-ab93-c3ff99683960
2022-06-07 08:15:44.332000,FR0014007TY9,Corporate bond,DIRECTION GENERALE DU TRESOR,0,2025-02-25,1000000,EUR,97.466,PERC,,BTFE,BTFE,BLOOMBERG,1,D2C,MTF,DBFTFB,ab1f3e37-a356-4aed-9d42-fa3a033f786a
2022-06-07 07:56:18.447000,FR0014007TY9,Corporate bond,DIRECTION GENERALE DU TRESOR,0,2025-02-25,2200000,EUR,97.463,PERC,,BTFE,BTFE,BLOOMBERG,1,D2C,MTF,DBFTFB,e6e19098-0b67-411b-aba8-a8002864f6b4
2022-06-07 06:46:51.653444,FR0014007TY9,Corporate bond,DIRECTION GENERALE DU TRESOR,0,2025-02-25,130900000,EUR,97.767835,PERC,IDAF SIZE,BTFE,BTFE,BLOOMBERG,15,D2C,MTF,DBFTFB,
2022-06-06 12:54:17.965000,FR0014007TY9,Corporate bond,DIRECTION GENERALE DU TRESOR,0,2025-02-25,14600,EUR,97.495,PERC,,BTFE,BTFE,BLOOMBERG,1,D2C,MTF,DBFTFB,c2a657c8-dd75-4fc6-b641-fa04a6fa1e91
2022-06-06 12:38:39.448000,FR0014007TY9,Corporate bond,DIRECTION GENERALE DU TRESOR,0,2025-02-25,4400,EUR,97.522,PERC,,BTFE,BTFE,BLOOMBERG,1,D2C,MTF,DBFTFB,982bd242-0170-4b68-8c08-90cb76435446
2022-06-03 13:15:25.523000,FR0014007TY9,Corporate bond,DIRECTION GENERALE DU TRESOR,0,2025-02-25,11200,EUR,97.58,PERC,,BTFE,BTFE,BLOOMBERG,1,D2C,MTF,DBFTFB,04d391e7-6a77-495a-a89a-5cb4e810601e
2022-06-03 12:01:34.862000,FR0014007TY9,Corporate bond,DIRECTION GENERALE DU TRESOR,0,2025-02-25,11000,EUR,97.599,PERC,,BTFE,BTFE,BLOOMBERG,1,D2C,MTF,DBFTFB,5558b91a-1906-46f5-9291-452901e36f43
2022-06-03 11:15:39.229000,FR0014007TY9,Corporate bond,DIRECTION GENERALE DU TRESOR,0,2025-02-25,10000,EUR,97.607,PERC,,BTFE,BTFE,BLOOMBERG,1,D2C,MTF,DBFTFB,9388c30c-419d-4102-a38a-4f5d4c2b8c11
2022-06-03 11:13:48.075000,FR0014007TY9,Corporate bond,DIRECTION GENERALE DU TRESOR,0,2025-02-25,24000,EUR,97.614,PERC,,BTFE,BTFE,BLOOMBERG,1,D2C,MTF,DBFTFB,f1946c05-a916-4505-8c39-c2ac5e81d345
2022-06-03 09:51:12.002000,FR0014007TY9,Corporate bond,DIRECTION GENERALE DU TRESOR,0,2025-02-25,350000,EUR,97.559,PERC,,BTFE,BTFE,BLOOMBERG,1,D2C,MTF,DBFTFB,43d45a6d-b7c5-449d-b592-c1c94f7d82ad
2022-06-03 09:50:11.652000,FR0014007TY9,Corporate bond,DIRECTION GENERALE DU TRESOR,0,2025-02-25,25000,EUR,97.561,PERC,,BTFE,BTFE,BLOOMBERG,1,D2C,MTF,DBFTFB,ff00ca01-46d0-43b5-afb8-f6ffe9233e50
2022-06-02 14:18:40.554000,FR0014007TY9,Corporate bond,DIRECTION GENERALE DU TRESOR,0,2025-02-25,2158000,EUR,97.626,PERC,,BTFE,BTFE,BLOOMBERG,1,D2C,MTF,DBFTFB,8b07b138-ba2d-437f-9514-975c3e67a994
2022-06-02 13:06:42.174000,FR0014007TY9,Corporate bond,DIRECTION GENERALE DU TRESOR,0,2025-02-25,6700,EUR,97.713,PERC,,BTFE,BTFE,BLOOMBERG,1,D2C,MTF,DBFTFB,42e1dc13-7e09-4259-a0fe-4c66d9fdec5f
2022-06-01 15:11:33.545000,FR0014007TY9,Corporate bond,DIRECTION GENERALE DU TRESOR,0,2025-02-25,105379,EUR,97.82,PERC,,BTFE,BTFE,BLOOMBERG,1,D2C,MTF,DBFTFB,6b086890-bdfc-4f7c-9cf1-f60b35574b78
2022-06-01 12:49:45.906000,FR0014007TY9,Corporate bond,DIRECTION GENERALE DU TRESOR,0,2025-02-25,123000,EUR,97.93,PERC,,BTFE,BTFE,BLOOMBERG,1,D2C,MTF,DBFTFB,224d5c8d-af57-466e-bf65-c6f29b5ce685
2022-06-01 10:23:05.395000,FR0014007TY9,Corporate bond,DIRECTION GENERALE DU TRESOR,0,2025-02-25,1000000,EUR,97.916,PERC,,BTFE,BTFE,BLOOMBERG,1,D2C,MTF,DBFTFB,9620b1c2-1f4c-4b6e-b020-fc3b923360aa
2022-05-31 14:59:57.603000,FR0014007TY9,Corporate bond,DIRECTION GENERALE DU TRESOR,0,2025-02-25,820000,EUR,97.935,PERC,,BTFE,BTFE,BLOOMBERG,1,D2C,MTF,DBFTFB,c82b55bb-83ee-4838-a60b-1bdfa49079be
2022-05-31 13:33:56.853000,FR0014007TY9,Corporate bond,DIRECTION GENERALE DU TRESOR,0,2025-02-25,40000,EUR,97.956,PERC,,BTFE,BTFE,BLOOMBERG,1,D2C,MTF,DBFTFB,41053556-9f66-4a1a-abff-318364ffe832
2022-05-31 12:44:59.492000,FR0014007TY9,Corporate bond,DIRECTION GENERALE DU TRESOR,0,2025-02-25,20500,EUR,97.926,PERC,,BTFE,BTFE,BLOOMBERG,1,D2C,MTF,DBFTFB,fb889d26-fefd-4663-b090-9b93796fe518
2022-05-31 08:57:35.525000,FR0014007TY9,Corporate bond,DIRECTION GENERALE DU TRESOR,0,2025-02-25,29000,EUR,98.114,PERC,,BTFE,BTFE,BLOOMBERG,1,D2C,MTF,DBFTFB,b6682f04-39c3-4ebf-a7a3-162f9c062056
2022-05-31 06:45:14.249513,FR0014007TY9,Corporate bond,DIRECTION GENERALE DU TRESOR,0,2025-02-25,42000000,EUR,98.206976,PERC,IDAF SIZE,BTFE,BTFE,BLOOMBERG,4,D2C,MTF,DBFTFB,
2022-05-30 14:44:30.477000,FR0014007TY9,Corporate bond,DIRECTION GENERALE DU TRESOR,0,2025-02-25,5000,EUR,98.086,PERC,,BTFE,BTFE,BLOOMBERG,1,D2C,MTF,DBFTFB,c5ab91ed-480c-4fbb-b628-c66e2d21a6cf
2022-05-30 14:32:12.682000,FR0014007TY9,Corporate bond,DIRECTION GENERALE DU TRESOR,0,2025-02-25,200000,EUR,98.063,PERC,,BTFE,BTFE,BLOOMBERG,1,D2C,MTF,DBFTFB,af966259-d0be-4a90-9861-b426b26315d3
2022-05-30 12:52:53.346000,FR0014007TY9,Corporate bond,DIRECTION GENERALE DU TRESOR,0,2025-02-25,100000,EUR,98.098,PERC,,BTFE,BTFE,BLOOMBERG,1,D2C,MTF,DBFTFB,f7ca23cc-354b-44ec-99a6-b0b973080f0c
2022-05-30 10:37:45.626000,FR0014007TY9,Corporate bond,DIRECTION GENERALE DU TRESOR,0,2025-02-25,500000,EUR,98.128,PERC,,BTFE,BTFE,BLOOMBERG,1,D2C,MTF,DBFTFB,b0d069fd-706a-47f1-bc55-509b5f71e42c
2022-05-27 14:49:58.702000,FR0014007TY9,Corporate bond,DIRECTION GENERALE DU TRESOR,0,2025-02-25,2000,EUR,98.349,PERC,,BTFE,BTFE,BLOOMBERG,1,D2C,MTF,DBFTFB,59afc0e4-96ea-4817-a177-60041f47c430
2022-05-27 13:08:39.714000,FR0014007TY9,Corporate bond,DIRECTION GENERALE DU TRESOR,0,2025-02-25,1600000,EUR,98.371,PERC,,BTFE,BTFE,BLOOMBERG,1,D2C,MTF,DBFTFB,05bab7f8-c2c9-4138-8ad5-607a7a0ef333
2022-05-27 13:08:23.803000,FR0014007TY9,Corporate bond,DIRECTION GENERALE DU TRESOR,0,2025-02-25,18000,EUR,98.384,PERC,,BTFE,BTFE,BLOOMBERG,1,D2C,MTF,DBFTFB,62b2891b-b2b3-43aa-b3d8-c352871006c7
2022-05-27 12:58:41.082000,FR0014007TY9,Corporate bond,DIRECTION GENERALE DU TRESOR,0,2025-02-25,4000,EUR,98.352,PERC,,BTFE,BTFE,BLOOMBERG,1,D2C,MTF,DBFTFB,623e6fc5-b750-4042-9d84-1bfa42647d23
2022-05-27 12:55:20.486000,FR0014007TY9,Corporate bond,DIRECTION GENERALE DU TRESOR,0,2025-02-25,15300,EUR,98.363,PERC,,BTFE,BTFE,BLOOMBERG,1,D2C,MTF,DBFTFB,ce2bd8cf-cdc0-4596-be48-a56464e214bc
2022-05-27 11:16:32.482000,FR0014007TY9,Corporate bond,DIRECTION GENERALE DU TRESOR,0,2025-02-25,294000,EUR,98.406,PERC,,BTFE,BTFE,BLOOMBERG,1,D2C,MTF,DBFTFB,f9230483-a82b-4909-baab-731d12b73f6c
2022-05-26 13:37:54.003000,FR0014007TY9,Corporate bond,DIRECTION GENERALE DU TRESOR,0,2025-02-25,992000,EUR,98.388,PERC,,BTFE,BTFE,BLOOMBERG,1,D2C,MTF,DBFTFB,2a1022d3-eaf3-4368-8fba-1c12da893d7d
2022-05-26 13:33:07.393000,FR0014007TY9,Corporate bond,DIRECTION GENERALE DU TRESOR,0,2025-02-25,16000,EUR,98.403,PERC,,BTFE,BTFE,BLOOMBERG,1,D2C,MTF,DBFTFB,30d89dfb-963b-443d-b77a-630624c0d827
2022-05-26 08:38:07.959000,FR0014007TY9,Corporate bond,DIRECTION GENERALE DU TRESOR,0,2025-02-25,1500000,EUR,98.483,PERC,,BTFE,BTFE,BLOOMBERG,1,D2C,MTF,DBFTFB,fce70016-131b-4594-8833-17b32295c338
2022-05-25 14:54:42.451000,FR0014007TY9,Corporate bond,DIRECTION GENERALE DU TRESOR,0,2025-02-25,4500,EUR,98.341,PERC,,BTFE,BTFE,BLOOMBERG,1,D2C,MTF,DBFTFB,1f77e71e-3afc-46c3-bd0c-a69575c19bdf
2022-05-25 13:58:09.819000,FR0014007TY9,Corporate bond,DIRECTION GENERALE DU TRESOR,0,2025-02-25,3300,EUR,98.354,PERC,,BTFE,BTFE,BLOOMBERG,1,D2C,MTF,DBFTFB,c882e81d-5198-470c-a950-fabcc5a1c0ab
2022-05-25 10:33:26.042000,FR0014007TY9,Corporate bond,DIRECTION GENERALE DU TRESOR,0,2025-02-25,198000,EUR,98.364,PERC,,BTFE,BTFE,BLOOMBERG,1,D2C,MTF,DBFTFB,267bce63-bb7b-4d1c-bb3a-fdd189015d63
2022-05-25 10:28:52.004000,FR0014007TY9,Corporate bond,DIRECTION GENERALE DU TRESOR,0,2025-02-25,132000,EUR,98.323,PERC,,BTFE,BTFE,BLOOMBERG,1,D2C,MTF,DBFTFB,7ba84ad1-3a85-4ee9-a43d-4e68d35d91f9
2022-05-24 13:54:38.934000,FR0014007TY9,Corporate bond,DIRECTION GENERALE DU TRESOR,0,2025-02-25,72000,EUR,98.179,PERC,,BTFE,BTFE,BLOOMBERG,1,D2C,MTF,DBFTFB,e07caa52-2e56-4190-aacf-b6c873d37d60
2022-05-24 12:27:31.398000,FR0014007TY9,Corporate bond,DIRECTION GENERALE DU TRESOR,0,2025-02-25,8800,EUR,98.152,PERC,,BTFE,BTFE,BLOOMBERG,1,D2C,MTF,DBFTFB,8c7824c1-ec4c-4627-aaa9-c81b3b0d4be2
2022-05-24 12:25:37.558000,FR0014007TY9,Corporate bond,DIRECTION GENERALE DU TRESOR,0,2025-02-25,2700,EUR,98.181,PERC,,BTFE,BTFE,BLOOMBERG,1,D2C,MTF,DBFTFB,69ec302f-d571-4aca-b4bf-ab253b93efd6
2022-05-24 11:34:07.145000,FR0014007TY9,Corporate bond,DIRECTION GENERALE DU TRESOR,0,2025-02-25,1000000,EUR,98.209,PERC,,BTFE,BTFE,BLOOMBERG,1,D2C,MTF,DBFTFB,caf8c831-3256-44c9-bda3-aa92c5ef74be
2022-05-24 10:39:58.146000,FR0014007TY9,Corporate bond,DIRECTION GENERALE DU TRESOR,0,2025-02-25,5000,EUR,98.145,PERC,,BTFE,BTFE,BLOOMBERG,1,D2C,MTF,DBFTFB,a86f68dd-581d-49bb-9dbb-a116f8587f61
2022-05-24 06:48:16.427799,FR0014007TY9,Corporate bond,DIRECTION GENERALE DU TRESOR,0,2025-02-25,20000000,EUR,98.2288,PERC,IDAF SIZE,BTFE,BTFE,BLOOMBERG,7,D2C,MTF,DBFTFB,
2022-05-23 12:53:55.566000,FR0014007TY9,Corporate bond,DIRECTION GENERALE DU TRESOR,0,2025-02-25,5700,EUR,98.219,PERC,,BTFE,BTFE,BLOOMBERG,1,D2C,MTF,DBFTFB,a421079c-3b8b-4a43-97b2-faf6cee893b3
2022-05-23 11:32:25.943000,FR0014007TY9,Corporate bond,DIRECTION GENERALE DU TRESOR,0,2025-02-25,5410,EUR,98.151,PERC,,BTFE,BTFE,BLOOMBERG,1,D2C,MTF,DBFTFB,00c725fe-4750-48b8-8487-4e3754d1cdc9
2022-05-23 10:59:23.194000,FR0014007TY9,Corporate bond,DIRECTION GENERALE DU TRESOR,0,2025-02-25,5000,EUR,98.178,PERC,,BTFE,BTFE,BLOOMBERG,1,D2C,MTF,DBFTFB,3d2e9d65-5723-40b3-bf94-8f66ad564015
2022-05-23 10:42:53.376000,FR0014007TY9,Corporate bond,DIRECTION GENERALE DU TRESOR,0,2025-02-25,615000,EUR,98.181,PERC,,BTFE,BTFE,BLOOMBERG,1,D2C,MTF,DBFTFB,bd728c4c-cb0b-481c-bbbf-b2431dd26518
2022-05-20 14:55:18.115000,FR0014007TY9,Corporate bond,DIRECTION GENERALE DU TRESOR,0,2025-02-25,128000,EUR,98.318,PERC,,BTFE,BTFE,BLOOMBERG,1,D2C,MTF,DBFTFB,f67e7f3b-d6b5-435d-ba3b-045d52ee6761
2022-05-20 14:42:38.726000,FR0014007TY9,Corporate bond,DIRECTION GENERALE DU TRESOR,0,2025-02-25,600000,EUR,98.282,PERC,,BTFE,BTFE,BLOOMBERG,1,D2C,MTF,DBFTFB,b267b51b-29a9-4acf-9375-97adeb15dd10
2022-05-20 14:06:18.627000,FR0014007TY9,Corporate bond,DIRECTION GENERALE DU TRESOR,0,2025-02-25,500000,EUR,98.275,PERC,,BTFE,BTFE,BLOOMBERG,1,D2C,MTF,DBFTFB,6316af97-8748-4805-95e2-e83867507508
2022-05-20 12:57:45.357000,FR0014007TY9,Corporate bond,DIRECTION GENERALE DU TRESOR,0,2025-02-25,2700,EUR,98.343,PERC,,BTFE,BTFE,BLOOMBERG,1,D2C,MTF,DBFTFB,11b9891a-c217-4c26-9b15-414e38a68e60
2022-05-20 12:55:56.175000,FR0014007TY9,Corporate bond,DIRECTION GENERALE DU TRESOR,0,2025-02-25,1300000,EUR,98.321,PERC,,BTFE,BTFE,BLOOMBERG,1,D2C,MTF,DBFTFB,863d2aac-cced-43ee-8fc7-67b0d908ca23
2022-05-20 12:47:33.040000,FR0014007TY9,Corporate bond,DIRECTION GENERALE DU TRESOR,0,2025-02-25,15400,EUR,98.292,PERC,,BTFE,BTFE,BLOOMBERG,1,D2C,MTF,DBFTFB,d78c28c6-584d-41d1-839a-60ff8917fbf7
2022-05-20 11:22:50.229000,FR0014007TY9,Corporate bond,DIRECTION GENERALE DU TRESOR,0,2025-02-25,95000,EUR,98.238,PERC,,BTFE,BTFE,BLOOMBERG,1,D2C,MTF,DBFTFB,b6921ba9-7388-49e2-8a3e-2604f12bdfd4
2022-05-20 09:44:09.349000,FR0014007TY9,Corporate bond,DIRECTION GENERALE DU TRESOR,0,2025-02-25,250000,EUR,98.222,PERC,,BTFE,BTFE,BLOOMBERG,1,D2C,MTF,DBFTFB,94921868-8a4d-4d59-9e9b-7302aade61b7
2022-05-19 12:54:06.730000,FR0014007TY9,Corporate bond,DIRECTION GENERALE DU TRESOR,0,2025-02-25,9900,EUR,98.368,PERC,,BTFE,BTFE,BLOOMBERG,1,D2C,MTF,DBFTFB,a00a4f45-3b22-486d-a0ce-444a8b603a57
2022-05-19 12:45:47.596000,FR0014007TY9,Corporate bond,DIRECTION GENERALE DU TRESOR,0,2025-02-25,6700,EUR,98.369,PERC,,BTFE,BTFE,BLOOMBERG,1,D2C,MTF,DBFTFB,f790b92b-779c-4b4b-b2c8-ee6df25860b0
2022-05-19 10:52:37.334000,FR0014007TY9,Corporate bond,DIRECTION GENERALE DU TRESOR,0,2025-02-25,3000,EUR,98.277,PERC,,BTFE,BTFE,BLOOMBERG,1,D2C,MTF,DBFTFB,ad602c6a-1251-4c99-970c-c28380846c23
2022-05-18 12:44:51.357000,FR0014007TY9,Corporate bond,DIRECTION GENERALE DU TRESOR,0,2025-02-25,3700,EUR,98.134,PERC,,BTFE,BTFE,BLOOMBERG,1,D2C,MTF,DBFTFB,a280badf-7ba4-4163-9956-a1508440f9fb
2022-05-18 12:34:36.247000,FR0014007TY9,Corporate bond,DIRECTION GENERALE DU TRESOR,0,2025-02-25,11400,EUR,98.077,PERC,,BTFE,BTFE,BLOOMBERG,1,D2C,MTF,DBFTFB,22caa09b-013b-439c-9472-bd47d4967dc4
2022-05-17 13:43:00.849000,FR0014007TY9,Corporate bond,DIRECTION GENERALE DU TRESOR,0,2025-02-25,1600000,EUR,98.276,PERC,,BTFE,BTFE,BLOOMBERG,1,D2C,MTF,DBFTFB,b6c6ebce-b5c4-4e83-a6f7-47c4fd631e9e
2022-05-17 13:32:04.673000,FR0014007TY9,Corporate bond,DIRECTION GENERALE DU TRESOR,0,2025-02-25,6000,EUR,98.267,PERC,,BTFE,BTFE,BLOOMBERG,1,D2C,MTF,DBFTFB,6bd2d608-95a1-4735-aabc-049d0e00ed33
2022-05-17 13:01:17.175000,FR0014007TY9,Corporate bond,DIRECTION GENERALE DU TRESOR,0,2025-02-25,3500,EUR,98.298,PERC,,BTFE,BTFE,BLOOMBERG,1,D2C,MTF,DBFTFB,d829c99f-ed12-4579-b7f9-3f06fefdf3dc
2022-05-17 11:50:44.526000,FR0014007TY9,Corporate bond,DIRECTION GENERALE DU TRESOR,0,2025-02-25,10000,EUR,98.334,PERC,,BTFE,BTFE,BLOOMBERG,1,D2C,MTF,DBFTFB,11c9b3e8-92e4-45ca-a5d2-173a4f115db0
2022-05-17 09:56:30.387000,FR0014007TY9,Corporate bond,DIRECTION GENERALE DU TRESOR,0,2025-02-25,500000,EUR,98.472,PERC,,BTFE,BTFE,BLOOMBERG,1,D2C,MTF,DBFTFB,9f8a5fe9-9f2f-4f8c-8e98-5ed8312ad869
2022-05-17 09:56:03.901000,FR0014007TY9,Corporate bond,DIRECTION GENERALE DU TRESOR,0,2025-02-25,500000,EUR,98.467,PERC,,BTFE,BTFE,BLOOMBERG,1,D2C,MTF,DBFTFB,2b994ec7-20e5-4d47-a2fc-d2b6874c2461
2022-05-17 09:20:07.337000,FR0014007TY9,Corporate bond,DIRECTION GENERALE DU TRESOR,0,2025-02-25,500000,EUR,98.503,PERC,,BTFE,BTFE,BLOOMBERG,1,D2C,MTF,DBFTFB,9a972694-5c5b-4eae-8cd0-d62387d9b349
2022-05-17 08:36:09.700000,FR0014007TY9,Corporate bond,DIRECTION GENERALE DU TRESOR,0,2025-02-25,1200000,EUR,98.499,PERC,,BTFE,BTFE,BLOOMBERG,1,D2C,MTF,DBFTFB,9cd0cd25-6b5c-4eb2-bc16-e0189404d7f9
2022-05-17 06:50:28.114316,FR0014007TY9,Corporate bond,DIRECTION GENERALE DU TRESOR,0,2025-02-25,47700000,EUR,98.381459,PERC,IDAF LRGS,BTFE,BTFE,BLOOMBERG,6,D2C,MTF,DBFTFB,
2022-05-16 13:15:59.370000,FR0014007TY9,Corporate bond,DIRECTION GENERALE DU TRESOR,0,2025-02-25,5300,EUR,98.523,PERC,,BTFE,BTFE,BLOOMBERG,1,D2C,MTF,DBFTFB,96006e2c-5de2-4749-8c2f-ab86fe0ff27a
2022-05-16 10:03:46.268000,FR0014007TY9,Corporate bond,DIRECTION GENERALE DU TRESOR,0,2025-02-25,1625000,EUR,98.508,PERC,,BTFE,BTFE,BLOOMBERG,1,D2C,MTF,DBFTFB,86001c68-d5d2-4fd7-9bde-cb3025ea987b
2022-05-13 13:28:50.390000,FR0014007TY9,Corporate bond,DIRECTION GENERALE DU TRESOR,0,2025-02-25,3900,EUR,98.711,PERC,,BTFE,BTFE,BLOOMBERG,1,D2C,MTF,DBFTFB,b08a8fe4-cd51-440b-aa4f-8c7c24c1fd0c
2022-05-13 12:59:08.049000,FR0014007TY9,Corporate bond,DIRECTION GENERALE DU TRESOR,0,2025-02-25,14400,EUR,98.676,PERC,,BTFE,BTFE,BLOOMBERG,1,D2C,MTF,DBFTFB,77b6b80c-3862-43a3-97a8-72434180b69f
2022-05-13 10:09:13.531000,FR0014007TY9,Corporate bond,DIRECTION GENERALE DU TRESOR,0,2025-02-25,750000,EUR,98.767,PERC,,BTFE,BTFE,BLOOMBERG,1,D2C,MTF,DBFTFB,d87943ce-ee88-4ee2-a644-a40f190188af
2022-05-13 07:21:50.654000,FR0014007TY9,Corporate bond,DIRECTION GENERALE DU TRESOR,0,2025-02-25,3000,EUR,98.73,PERC,,BTFE,BTFE,BLOOMBERG,1,D2C,MTF,DBFTFB,637bbe7b-5b52-4638-995f-1d485889ea79
2022-05-12 13:27:19.889000,FR0014007TY9,Corporate bond,DIRECTION GENERALE DU TRESOR,0,2025-02-25,200000,EUR,98.79,PERC,,BTFE,BTFE,BLOOMBERG,1,D2C,MTF,DBFTFB,8447c148-1937-44ae-a96b-09fae7c49fdb
2022-05-12 13:15:16.969000,FR0014007TY9,Corporate bond,DIRECTION GENERALE DU TRESOR,0,2025-02-25,17700,EUR,98.82,PERC,,BTFE,BTFE,BLOOMBERG,1,D2C,MTF,DBFTFB,6ae9b6cb-3033-423e-973c-2b2e7a3cc4b5
2022-05-12 13:06:49.079000,FR0014007TY9,Corporate bond,DIRECTION GENERALE DU TRESOR,0,2025-02-25,10000,EUR,98.842,PERC,,BTFE,BTFE,BLOOMBERG,1,D2C,MTF,DBFTFB,48ab701e-17a9-45fd-9fe3-e3fcbd5cabfd
2022-05-12 12:57:06.136000,FR0014007TY9,Corporate bond,DIRECTION GENERALE DU TRESOR,0,2025-02-25,5100,EUR,98.857,PERC,,BTFE,BTFE,BLOOMBERG,1,D2C,MTF,DBFTFB,d0c365de-636e-427d-8dc7-36d7f6a1783b
2022-05-12 08:59:21.558000,FR0014007TY9,Corporate bond,DIRECTION GENERALE DU TRESOR,0,2025-02-25,1000000,EUR,98.691,PERC,,BTFE,BTFE,BLOOMBERG,1,D2C,MTF,DBFTFB,b24104ef-3198-4553-bdb2-65c30a7f3e83
2022-05-11 13:55:04.906000,FR0014007TY9,Corporate bond,DIRECTION GENERALE DU TRESOR,0,2025-02-25,1000000,EUR,98.445,PERC,,BTFE,BTFE,BLOOMBERG,1,D2C,MTF,DBFTFB,5ae91586-14a7-4641-b461-bb777e849509
2022-05-11 13:15:33.183000,FR0014007TY9,Corporate bond,DIRECTION GENERALE DU TRESOR,0,2025-02-25,12900,EUR,98.326,PERC,,BTFE,BTFE,BLOOMBERG,1,D2C,MTF,DBFTFB,6d29dda9-7b9a-4806-bcba-d25d28e61e83
2022-05-10 14:11:09.880000,FR0014007TY9,Corporate bond,DIRECTION GENERALE DU TRESOR,0,2025-02-25,12500,EUR,98.436,PERC,,BTFE,BTFE,BLOOMBERG,1,D2C,MTF,DBFTFB,d5b8b817-6539-491f-9fd6-91f467e9638b
2022-05-10 10:42:03.492000,FR0014007TY9,Corporate bond,DIRECTION GENERALE DU TRESOR,0,2025-02-25,500000,EUR,98.316,PERC,,BTFE,BTFE,BLOOMBERG,1,D2C,MTF,DBFTFB,472a398f-cd0e-4832-9b1e-da9b1ff42606
2022-05-10 06:48:55.399099,FR0014007TY9,Corporate bond,DIRECTION GENERALE DU TRESOR,0,2025-02-25,65600000,EUR,98.174262,PERC,IDAF LRGS,BTFE,BTFE,BLOOMBERG,9,D2C,MTF,DBFTFB,
2022-05-09 12:46:32.078000,FR0014007TY9,Corporate bond,DIRECTION GENERALE DU TRESOR,0,2025-02-25,3600,EUR,98.123,PERC,,BTFE,BTFE,BLOOMBERG,1,D2C,MTF,DBFTFB,926f2eac-a0eb-4725-b8c3-60b65439d91d
2022-05-09 11:26:29.745000,FR0014007TY9,Corporate bond,DIRECTION GENERALE DU TRESOR,0,2025-02-25,19000,EUR,98.052,PERC,,BTFE,BTFE,BLOOMBERG,1,D2C,MTF,DBFTFB,45814b78-1e8d-4f83-be69-c18e9450bed2
2022-05-09 08:59:37.399000,FR0014007TY9,Corporate bond,DIRECTION GENERALE DU TRESOR,0,2025-02-25,129500,EUR,98.077,PERC,,BTFE,BTFE,BLOOMBERG,1,D2C,MTF,DBFTFB,31c90fc5-7b44-4107-aaf8-402c5cfa274d
2022-05-09 08:58:00.144000,FR0014007TY9,Corporate bond,DIRECTION GENERALE DU TRESOR,0,2025-02-25,129500,EUR,98.098,PERC,,BTFE,BTFE,BLOOMBERG,1,D2C,MTF,DBFTFB,d4a7b2c7-6bec-4dcd-830f-ada2f49cf30f
2022-05-09 08:44:22.104000,FR0014007TY9,Corporate bond,DIRECTION GENERALE DU TRESOR,0,2025-02-25,2000,EUR,98.099,PERC,,BTFE,BTFE,BLOOMBERG,1,D2C,MTF,DBFTFB,a64bf2a1-80a2-406b-ad85-e415b44ee40e
2022-05-09 08:06:12.864000,FR0014007TY9,Corporate bond,DIRECTION GENERALE DU TRESOR,0,2025-02-25,500000,EUR,98.105,PERC,,BTFE,BTFE,BLOOMBERG,1,D2C,MTF,DBFTFB,24be17de-56a9-46e1-80d7-ead2e85aaf17
2022-05-09 07:56:52.317000,FR0014007TY9,Corporate bond,DIRECTION GENERALE DU TRESOR,0,2025-02-25,600000,EUR,98.056,PERC,,BTFE,BTFE,BLOOMBERG,1,D2C,MTF,DBFTFB,d3140df2-fbb3-4867-8062-705b3e12363b
2022-05-06 13:24:26.035000,FR0014007TY9,Corporate bond,DIRECTION GENERALE DU TRESOR,0,2025-02-25,13000,EUR,97.96,PERC,,BTFE,BTFE,BLOOMBERG,1,D2C,MTF,DBFTFB,94d4e7c9-81f8-4fe4-9763-98b055537d15
2022-05-06 12:51:34.830000,FR0014007TY9,Corporate bond,DIRECTION GENERALE DU TRESOR,0,2025-02-25,15000,EUR,98.03,PERC,,BTFE,BTFE,BLOOMBERG,1,D2C,MTF,DBFTFB,8357e2e6-3701-4e9e-975c-ec2192641979
2022-05-06 12:42:42.568000,FR0014007TY9,Corporate bond,DIRECTION GENERALE DU TRESOR,0,2025-02-25,14900,EUR,98.098,PERC,,BTFE,BTFE,BLOOMBERG,1,D2C,MTF,DBFTFB,3cbe9c0b-5910-43b6-abe9-4dcb1bf44622
2022-05-06 12:31:00.258000,FR0014007TY9,Corporate bond,DIRECTION GENERALE DU TRESOR,0,2025-02-25,17600,EUR,98.106,PERC,,BTFE,BTFE,BLOOMBERG,1,D2C,MTF,DBFTFB,f9c1fd64-5e18-492b-8873-f9128fb9e005
2022-05-06 11:06:24.807000,FR0014007TY9,Corporate bond,DIRECTION GENERALE DU TRESOR,0,2025-02-25,40000,EUR,98.071,PERC,,BTFE,BTFE,BLOOMBERG,1,D2C,MTF,DBFTFB,fc098e60-ce78-4f6c-9217-514c177afe90
2022-05-06 11:01:35.763000,FR0014007TY9,Corporate bond,DIRECTION GENERALE DU TRESOR,0,2025-02-25,60000,EUR,98.085,PERC,,BTFE,BTFE,BLOOMBERG,1,D2C,MTF,DBFTFB,a80294fe-4a71-4a33-8519-0b0554a85f7a
2022-05-06 07:14:52.591000,FR0014007TY9,Corporate bond,DIRECTION GENERALE DU TRESOR,0,2025-02-25,1000,EUR,98.152,PERC,,BTFE,BTFE,BLOOMBERG,1,D2C,MTF,DBFTFB,bba14727-40a2-4cac-92b5-5a0de3e11135
2022-05-05 13:47:14.051000,FR0014007TY9,Corporate bond,DIRECTION GENERALE DU TRESOR,0,2025-02-25,2000,EUR,98.366,PERC,,BTFE,BTFE,BLOOMBERG,1,D2C,MTF,DBFTFB,0a15a134-ac32-4552-88ae-f73c22acad47
2022-05-05 12:41:42.752000,FR0014007TY9,Corporate bond,DIRECTION GENERALE DU TRESOR,0,2025-02-25,12300,EUR,98.464,PERC,,BTFE,BTFE,BLOOMBERG,1,D2C,MTF,DBFTFB,5c27fc3c-28f5-401a-82d8-0bdce1f38e3d
2022-05-05 12:18:51.818000,FR0014007TY9,Corporate bond,DIRECTION GENERALE DU TRESOR,0,2025-02-25,18000,EUR,98.44,PERC,,BTFE,BTFE,BLOOMBERG,1,D2C,MTF,DBFTFB,c04dd158-e90d-4c18-8363-fe1cac02f692
2022-05-04 15:13:00.341000,FR0014007TY9,Corporate bond,DIRECTION GENERALE DU TRESOR,0,2025-02-25,1000,EUR,98.185,PERC,,BTFE,BTFE,BLOOMBERG,1,D2C,MTF,DBFTFB,c346a78f-f3af-4fbc-bcc6-2bbc8bff813b
2022-05-04 15:03:13.746000,FR0014007TY9,Corporate bond,DIRECTION GENERALE DU TRESOR,0,2025-02-25,175000,EUR,98.122,PERC,,BTFE,BTFE,BLOOMBERG,1,D2C,MTF,DBFTFB,ee59466a-056b-4392-823d-416c9d3ef3a9
2022-05-04 09:48:22.474000,FR0014007TY9,Corporate bond,DIRECTION GENERALE DU TRESOR,0,2025-02-25,400000,EUR,98.136,PERC,,BTFE,BTFE,BLOOMBERG,1,D2C,MTF,DBFTFB,392e991a-9485-4989-ba18-476203c0c2c4
2022-05-04 09:09:44.942000,FR0014007TY9,Corporate bond,DIRECTION GENERALE DU TRESOR,0,2025-02-25,1000000,EUR,98.132,PERC,,BTFE,BTFE,BLOOMBERG,1,D2C,MTF,DBFTFB,ab61d9c8-3f9c-47dd-9e88-95e7735223fe
2022-05-04 07:24:08.069000,FR0014007TY9,Corporate bond,DIRECTION GENERALE DU TRESOR,0,2025-02-25,500000,EUR,98.102,PERC,,BTFE,BTFE,BLOOMBERG,1,D2C,MTF,DBFTFB,d692d57c-b833-4b75-a5ba-56748e72571e
2022-05-03 14:07:00.510000,FR0014007TY9,Corporate bond,DIRECTION GENERALE DU TRESOR,0,2025-02-25,14000,EUR,98.289,PERC,,BTFE,BTFE,BLOOMBERG,1,D2C,MTF,DBFTFB,25b4fe6b-1a70-4981-a68d-0a66f5ab879f
2022-05-03 13:21:32.923000,FR0014007TY9,Corporate bond,DIRECTION GENERALE DU TRESOR,0,2025-02-25,260000,EUR,98.294,PERC,,BTFE,BTFE,BLOOMBERG,1,D2C,MTF,DBFTFB,d54aa38a-d685-44f1-8dc0-de0092371172
2022-05-03 13:10:37.396000,FR0014007TY9,Corporate bond,DIRECTION GENERALE DU TRESOR,0,2025-02-25,5700,EUR,98.289,PERC,,BTFE,BTFE,BLOOMBERG,1,D2C,MTF,DBFTFB,dc38c99e-4063-4adc-81a5-cce4f058e630
2022-05-03 13:06:15.685000,FR0014007TY9,Corporate bond,DIRECTION GENERALE DU TRESOR,0,2025-02-25,5300,EUR,98.276,PERC,,BTFE,BTFE,BLOOMBERG,1,D2C,MTF,DBFTFB,9408a119-da1a-4df6-9637-9f0dce568945
2022-05-03 12:15:15.886000,FR0014007TY9,Corporate bond,DIRECTION GENERALE DU TRESOR,0,2025-02-25,600000,EUR,98.258,PERC,,BTFE,BTFE,BLOOMBERG,1,D2C,MTF,DBFTFB,cdec77f5-91ea-4e85-bda0-f88d068189c2
2022-05-03 07:34:53.658000,FR0014007TY9,Corporate bond,DIRECTION GENERALE DU TRESOR,0,2025-02-25,1000000,EUR,98.11,PERC,,BTFE,BTFE,BLOOMBERG,1,D2C,MTF,DBFTFB,98516f1f-5d7a-417f-a1c8-d6983c603828
2022-05-03 06:47:44.086733,FR0014007TY9,Corporate bond,DIRECTION GENERALE DU TRESOR,0,2025-02-25,188478000,EUR,98.415963,PERC,IDAF LRGS,BTFE,BTFE,BLOOMBERG,22,D2C,MTF,DBFTFB,
2022-05-02 13:51:44.578000,FR0014007TY9,Corporate bond,DIRECTION GENERALE DU TRESOR,0,2025-02-25,5000,EUR,98.291,PERC,,BTFE,BTFE,BLOOMBERG,1,D2C,MTF,DBFTFB,9ada2d37-b14f-4efb-9112-3e39ab119d1d
2022-05-02 13:01:29.197000,FR0014007TY9,Corporate bond,DIRECTION GENERALE DU TRESOR,0,2025-02-25,2300,EUR,98.309,PERC,,BTFE,BTFE,BLOOMBERG,1,D2C,MTF,DBFTFB,836edd23-a7d3-4ae6-b3b0-b957fa4f974f
2022-05-02 10:46:12.115000,FR0014007TY9,Corporate bond,DIRECTION GENERALE DU TRESOR,0,2025-02-25,23000,EUR,98.318,PERC,,BTFE,BTFE,BLOOMBERG,1,D2C,MTF,DBFTFB,364a28b6-4e33-4c65-bcc6-77221c2222db
2022-05-02 09:42:45.285000,FR0014007TY9,Corporate bond,DIRECTION GENERALE DU TRESOR,0,2025-02-25,1000000,EUR,98.331,PERC,,BTFE,BTFE,BLOOMBERG,1,D2C,MTF,DBFTFB,1ba40437-3e6d-4973-b903-16a096ea3202
2022-05-02 08:18:39.742000,FR0014007TY9,Corporate bond,DIRECTION GENERALE DU TRESOR,0,2025-02-25,910000,EUR,98.276,PERC,,BTFE,BTFE,BLOOMBERG,1,D2C,MTF,DBFTFB,b1fc0d3a-9093-450a-b0b2-401458dab49a
2022-04-29 13:38:12.300000,FR0014007TY9,Corporate bond,DIRECTION GENERALE DU TRESOR,0,2025-02-25,17500,EUR,98.229,PERC,,BTFE,BTFE,BLOOMBERG,1,D2C,MTF,DBFTFB,3b24cf8b-6df6-4ff1-bde6-a2e775296125
2022-04-29 12:54:28.353000,FR0014007TY9,Corporate bond,DIRECTION GENERALE DU TRESOR,0,2025-02-25,1600,EUR,98.261,PERC,,BTFE,BTFE,BLOOMBERG,1,D2C,MTF,DBFTFB,f6e4693b-6801-48c3-bd34-3d622d8c9271
2022-04-29 12:38:48.805000,FR0014007TY9,Corporate bond,DIRECTION GENERALE DU TRESOR,0,2025-02-25,3600,EUR,98.28,PERC,,BTFE,BTFE,BLOOMBERG,1,D2C,MTF,DBFTFB,7d117280-5238-4208-b110-18d3e439714c
2022-04-29 11:34:54.923000,FR0014007TY9,Corporate bond,DIRECTION GENERALE DU TRESOR,0,2025-02-25,74000,EUR,98.292,PERC,,BTFE,BTFE,BLOOMBERG,1,D2C,MTF,DBFTFB,a491240c-1e2c-4f60-9c4e-bfaee7c30ae8
2022-04-28 13:01:36.616000,FR0014007TY9,Corporate bond,DIRECTION GENERALE DU TRESOR,0,2025-02-25,6300,EUR,98.408,PERC,,BTFE,BTFE,BLOOMBERG,1,D2C,MTF,DBFTFB,412fcb4f-8564-4d4f-860c-0de423415155
2022-04-27 13:06:51.570000,FR0014007TY9,Corporate bond,DIRECTION GENERALE DU TRESOR,0,2025-02-25,10800,EUR,98.635,PERC,,BTFE,BTFE,BLOOMBERG,1,D2C,MTF,DBFTFB,f1116f6c-44d0-4580-9c88-0c5521ef6863
2022-04-27 12:40:27.597000,FR0014007TY9,Corporate bond,DIRECTION GENERALE DU TRESOR,0,2025-02-25,244000,EUR,98.609,PERC,,BTFE,BTFE,BLOOMBERG,1,D2C,MTF,DBFTFB,cae1b983-eb1b-44e3-b5e2-508ed9d30261
2022-04-26 12:56:58.873000,FR0014007TY9,Corporate bond,DIRECTION GENERALE DU TRESOR,0,2025-02-25,4100,EUR,98.529,PERC,,BTFE,BTFE,BLOOMBERG,1,D2C,MTF,DBFTFB,13ccd983-6eac-4488-98e7-a47dda4c9291
2022-04-26 06:43:59.868962,FR0014007TY9,Corporate bond,DIRECTION GENERALE DU TRESOR,0,2025-02-25,14000000,EUR,98.461214,PERC,IDAF SIZE,BTFE,BTFE,BLOOMBERG,4,D2C,MTF,DBFTFB,
2022-04-25 11:11:18.381000,FR0014007TY9,Corporate bond,DIRECTION GENERALE DU TRESOR,0,2025-02-25,3200,EUR,98.242,PERC,,BTFE,BTFE,BLOOMBERG,1,D2C,MTF,DBFTFB,59d4e8a8-e54d-4e21-aa5c-b929d8a13061
2022-04-22 13:42:44.975000,FR0014007TY9,Corporate bond,DIRECTION GENERALE DU TRESOR,0,2025-02-25,18000,EUR,98.151,PERC,,BTFE,BTFE,BLOOMBERG,1,D2C,MTF,DBFTFB,69a5839f-53b5-43db-ba2c-8b1d7f345bcf
2022-04-22 13:39:01.715000,FR0014007TY9,Corporate bond,DIRECTION GENERALE DU TRESOR,0,2025-02-25,1000000,EUR,98.12,PERC,,BTFE,BTFE,BLOOMBERG,1,D2C,MTF,DBFTFB,27199e79-65cc-4e24-b73d-26fb6b3b321b
2022-04-22 12:46:54.396000,FR0014007TY9,Corporate bond,DIRECTION GENERALE DU TRESOR,0,2025-02-25,12100,EUR,98.216,PERC,,BTFE,BTFE,BLOOMBERG,1,D2C,MTF,DBFTFB,6fa15dde-17d9-4a9a-85ae-ed344dbd834d
2022-04-22 09:04:58.664000,FR0014007TY9,Corporate bond,DIRECTION GENERALE DU TRESOR,0,2025-02-25,5000,EUR,98.182,PERC,,BTFE,BTFE,BLOOMBERG,1,D2C,MTF,DBFTFB,d757aed8-e7f0-4a97-a126-4fc284cd00ec
2022-04-21 11:30:42.219000,FR0014007TY9,Corporate bond,DIRECTION GENERALE DU TRESOR,0,2025-02-25,8400,EUR,98.487,PERC,,BTFE,BTFE,BLOOMBERG,1,D2C,MTF,DBFTFB,5419582d-5c73-4dc5-913c-b5b3a0c5984b
2022-04-21 11:17:40.543000,FR0014007TY9,Corporate bond,DIRECTION GENERALE DU TRESOR,0,2025-02-25,1000000,EUR,98.465,PERC,,BTFE,BTFE,BLOOMBERG,1,D2C,MTF,DBFTFB,80830329-220f-4f4f-bb40-9e728c4471d5
2022-04-21 11:16:29.720000,FR0014007TY9,Corporate bond,DIRECTION GENERALE DU TRESOR,0,2025-02-25,1000000,EUR,98.472,PERC,,BTFE,BTFE,BLOOMBERG,1,D2C,MTF,DBFTFB,cc932189-c9ce-4b44-888b-1ed81cb55065
2022-04-21 11:14:57.583000,FR0014007TY9,Corporate bond,DIRECTION GENERALE DU TRESOR,0,2025-02-25,500000,EUR,98.464,PERC,,BTFE,BTFE,BLOOMBERG,1,D2C,MTF,DBFTFB,14663cf9-6ab4-459a-bc55-9821dd284781
2022-04-20 13:43:37.665000,FR0014007TY9,Corporate bond,DIRECTION GENERALE DU TRESOR,0,2025-02-25,2900,EUR,98.609,PERC,,BTFE,BTFE,BLOOMBERG,1,D2C,MTF,DBFTFB,b15d0ea4-93ec-4787-9833-2524b54c6168
2022-04-20 13:15:39.779000,FR0014007TY9,Corporate bond,DIRECTION GENERALE DU TRESOR,0,2025-02-25,1000000,EUR,98.615,PERC,,BTFE,BTFE,BLOOMBERG,1,D2C,MTF,DBFTFB,4a4b9e1a-201c-4c0c-837a-c574dd590f5d
2022-04-20 11:40:54.142000,FR0014007TY9,Corporate bond,DIRECTION GENERALE DU TRESOR,0,2025-02-25,500000,EUR,98.71,PERC,,BTFE,BTFE,BLOOMBERG,1,D2C,MTF,DBFTFB,88419d1c-3676-4e5b-a619-7dab3d73c46d
2022-04-20 10:42:33.417000,FR0014007TY9,Corporate bond,DIRECTION GENERALE DU TRESOR,0,2025-02-25,262000,EUR,98.718,PERC,,BTFE,BTFE,BLOOMBERG,1,D2C,MTF,DBFTFB,ae30573f-b0a1-4128-9715-092899db9253
2022-04-19 13:03:02.588000,FR0014007TY9,Corporate bond,DIRECTION GENERALE DU TRESOR,0,2025-02-25,7200,EUR,98.581,PERC,,BTFE,BTFE,BLOOMBERG,1,D2C,MTF,DBFTFB,6ff4dd2c-7643-43db-850b-615c3d030154
2022-04-19 12:02:55.978000,FR0014007TY9,Corporate bond,DIRECTION GENERALE DU TRESOR,0,2025-02-25,209000,EUR,98.616,PERC,,BTFE,BTFE,BLOOMBERG,1,D2C,MTF,DBFTFB,5564062c-dca3-49f3-b9c0-30aa571c1ad9
2022-04-19 08:16:47.311000,FR0014007TY9,Corporate bond,DIRECTION GENERALE DU TRESOR,0,2025-02-25,6300,EUR,98.538,PERC,,BTFE,BTFE,BLOOMBERG,1,D2C,MTF,DBFTFB,0229156b-e6d5-4bed-8e5e-8f1bc7de96ac
2022-04-19 07:19:28.202000,FR0014007TY9,Corporate bond,DIRECTION GENERALE DU TRESOR,0,2025-02-25,1000000,EUR,98.585,PERC,,BTFE,BTFE,BLOOMBERG,1,D2C,MTF,DBFTFB,c3cd6ce6-b2bd-477c-b80c-db58bd751d6b
2022-04-19 06:44:12.337990,FR0014007TY9,Corporate bond,DIRECTION GENERALE DU TRESOR,0,2025-02-25,100173396,EUR,98.459636,PERC,IDAF LRGS,BTFE,BTFE,BLOOMBERG,4,D2C,MTF,DBFTFB,
2022-04-13 15:02:38.688000,FR0014007TY9,Corporate bond,DIRECTION GENERALE DU TRESOR,0,2025-02-25,350000,EUR,98.639,PERC,,BTFE,BTFE,BLOOMBERG,1,D2C,MTF,DBFTFB,bfd14d16-eec9-43e6-9653-b7080c5775bd
2022-04-13 13:20:57.873000,FR0014007TY9,Corporate bond,DIRECTION GENERALE DU TRESOR,0,2025-02-25,6700,EUR,98.606,PERC,,BTFE,BTFE,BLOOMBERG,1,D2C,MTF,DBFTFB,0f45c369-84bf-4a8d-8d97-369d226ce7ae
2022-04-13 12:08:03.453000,FR0014007TY9,Corporate bond,DIRECTION GENERALE DU TRESOR,0,2025-02-25,12600,EUR,98.553,PERC,,BTFE,BTFE,BLOOMBERG,1,D2C,MTF,DBFTFB,03d32f4d-2f85-4e2d-8625-0ce1faa98b9f
2022-04-12 12:53:35.577000,FR0014007TY9,Corporate bond,DIRECTION GENERALE DU TRESOR,0,2025-02-25,6400,EUR,98.589,PERC,,BTFE,BTFE,BLOOMBERG,1,D2C,MTF,DBFTFB,b15f63ea-f5ed-46de-84f6-4d95d06cc93d
2022-04-12 12:35:39.163000,FR0014007TY9,Corporate bond,DIRECTION GENERALE DU TRESOR,0,2025-02-25,40000,EUR,98.552,PERC,,BTFE,BTFE,BLOOMBERG,1,D2C,MTF,DBFTFB,0188253b-4031-4be7-be5d-588e0e81b4cc
2022-04-12 06:49:08.482736,FR0014007TY9,Corporate bond,DIRECTION GENERALE DU TRESOR,0,2025-02-25,138967000,EUR,98.763015,PERC,IDAF SIZE,BTFE,BTFE,BLOOMBERG,14,D2C,MTF,DBFTFB,
2022-04-11 08:52:30.964000,FR0014007TY9,Corporate bond,DIRECTION GENERALE DU TRESOR,0,2025-02-25,800000,EUR,98.446,PERC,,BTFE,BTFE,BLOOMBERG,1,D2C,MTF,DBFTFB,e724e9d9-0016-426f-9a8d-e415c2dec6c3
2022-04-08 08:43:56.378000,FR0014007TY9,Corporate bond,DIRECTION GENERALE DU TRESOR,0,2025-02-25,500000,EUR,98.73,PERC,,BTFE,BTFE,BLOOMBERG,1,D2C,MTF,DBFTFB,004ea34c-c4c3-467e-8924-c82e06cc8c81
2022-04-07 14:48:49.787000,FR0014007TY9,Corporate bond,DIRECTION GENERALE DU TRESOR,0,2025-02-25,280000,EUR,98.697,PERC,,BTFE,BTFE,BLOOMBERG,1,D2C,MTF,DBFTFB,f2a2ca90-11d8-4c91-a2b7-85f783e8c7f8
2022-04-07 14:43:27.896000,FR0014007TY9,Corporate bond,DIRECTION GENERALE DU TRESOR,0,2025-02-25,1700000,EUR,98.696,PERC,,BTFE,BTFE,BLOOMBERG,1,D2C,MTF,DBFTFB,b878c87b-4c54-46b4-aaab-af42692b14ff
2022-04-07 13:42:28.956000,FR0014007TY9,Corporate bond,DIRECTION GENERALE DU TRESOR,0,2025-02-25,410000,EUR,98.668,PERC,,BTFE,BTFE,BLOOMBERG,1,D2C,MTF,DBFTFB,45ba96bd-338b-4308-9bdc-5f2e9c4d2820
2022-04-07 13:12:52.264000,FR0014007TY9,Corporate bond,DIRECTION GENERALE DU TRESOR,0,2025-02-25,2000,EUR,98.707,PERC,,BTFE,BTFE,BLOOMBERG,1,D2C,MTF,DBFTFB,316c6965-24c5-4cdf-a61d-03d027c22467
2022-04-05 07:14:53.662000,FR0014007TY9,Corporate bond,DIRECTION GENERALE DU TRESOR,0,2025-02-25,300000,EUR,98.983,PERC,,BTFE,BTFE,BLOOMBERG,1,D2C,MTF,DBFTFB,cd67569b-9f67-46cd-82ef-2092bb2c5599
2022-04-05 06:47:03.477122,FR0014007TY9,Corporate bond,DIRECTION GENERALE DU TRESOR,0,2025-02-25,321059000,EUR,98.965135,PERC,IDAF SIZE,BTFE,BTFE,BLOOMBERG,16,D2C,MTF,DBFTFB,
2022-04-01 09:45:15.200000,FR0014007TY9,Corporate bond,DIRECTION GENERALE DU TRESOR,0,2025-02-25,1000000,EUR,99.073,PERC,,BTFE,BTFE,BLOOMBERG,1,D2C,MTF,DBFTFB,4528b001-4567-4f8a-8db9-6bb40063958b
2022-04-01 08:55:57.257000,FR0014007TY9,Corporate bond,DIRECTION GENERALE DU TRESOR,0,2025-02-25,500000,EUR,99.006,PERC,,BTFE,BTFE,BLOOMBERG,1,D2C,MTF,DBFTFB,8a114e56-75e0-48c3-a89d-67c2a5ec9db5
2022-04-01 07:18:30.027000,FR0014007TY9,Corporate bond,DIRECTION GENERALE DU TRESOR,0,2025-02-25,100000,EUR,98.956,PERC,,BTFE,BTFE,BLOOMBERG,1,D2C,MTF,DBFTFB,6dc40d03-a85e-4023-9b69-b04d9c1b9d97
2022-03-31 14:05:23.922000,FR0014007TY9,Corporate bond,DIRECTION GENERALE DU TRESOR,0,2025-02-25,987000,EUR,99.047,PERC,,BTFE,BTFE,BLOOMBERG,1,D2C,MTF,DBFTFB,40261ad2-cbe5-48bb-bff3-d2b94ba260d7
2022-03-31 09:56:41.180000,FR0014007TY9,Corporate bond,DIRECTION GENERALE DU TRESOR,0,2025-02-25,1000000,EUR,99.064,PERC,,BTFE,BTFE,BLOOMBERG,1,D2C,MTF,DBFTFB,951a4d30-4b0d-45d8-b3e9-3c016b4acded
2022-03-31 09:03:08.990000,FR0014007TY9,Corporate bond,DIRECTION GENERALE DU TRESOR,0,2025-02-25,1100000,EUR,99.02,PERC,,BTFE,BTFE,BLOOMBERG,1,D2C,MTF,DBFTFB,60f72448-4d13-4695-9758-96fc15b2778f
2022-03-30 13:26:50.272000,FR0014007TY9,Corporate bond,DIRECTION GENERALE DU TRESOR,0,2025-02-25,503220,EUR,98.805,PERC,,BTFE,BTFE,BLOOMBERG,1,D2C,MTF,DBFTFB,6f64a06b-ed0c-4c46-93c6-1b379aaf418f
2022-03-30 11:38:33.586000,FR0014007TY9,Corporate bond,DIRECTION GENERALE DU TRESOR,0,2025-02-25,1000000,EUR,98.92,PERC,,BTFE,BTFE,BLOOMBERG,1,D2C,MTF,DBFTFB,7ce5895e-4e54-47fa-982b-100c5bd63222
2022-03-30 08:16:05.560000,FR0014007TY9,Corporate bond,DIRECTION GENERALE DU TRESOR,0,2025-02-25,500000,EUR,98.989,PERC,,BTFE,BTFE,BLOOMBERG,1,D2C,MTF,DBFTFB,0267a479-1708-470a-94cf-8342b2ada64c
2022-03-29 12:52:46.823000,FR0014007TY9,Corporate bond,DIRECTION GENERALE DU TRESOR,0,2025-02-25,200000,EUR,99.131,PERC,,BTFE,BTFE,BLOOMBERG,1,D2C,MTF,DBFTFB,b01f4d8e-dd8a-4e12-9901-68b109504000
2022-03-29 08:50:16.489000,FR0014007TY9,Corporate bond,DIRECTION GENERALE DU TRESOR,0,2025-02-25,1000000,EUR,99.219,PERC,,BTFE,BTFE,BLOOMBERG,1,D2C,MTF,DBFTFB,4161fb24-5780-4f9a-9f80-30a927ae3430
2022-03-29 08:45:02.573000,FR0014007TY9,Corporate bond,DIRECTION GENERALE DU TRESOR,0,2025-02-25,300000,EUR,99.207,PERC,,BTFE,BTFE,BLOOMBERG,1,D2C,MTF,DBFTFB,1c069c2f-65f1-474f-9c1a-ffaef5c25a8c
2022-03-29 06:46:55.291189,FR0014007TY9,Corporate bond,DIRECTION GENERALE DU TRESOR,0,2025-02-25,441311000,EUR,99.782689,PERC,IDAF LRGS,BTFE,BTFE,BLOOMBERG,10,D2C,MTF,DBFTFB,
2022-03-28 13:46:21.406000,FR0014007TY9,Corporate bond,DIRECTION GENERALE DU TRESOR,0,2025-02-25,10000,EUR,99.367,PERC,,BTFE,BTFE,BLOOMBERG,1,D2C,MTF,DBFTFB,9eb30709-6f52-4a67-9dd9-bafcbc85fc28
2022-03-28 10:17:35.085000,FR0014007TY9,Corporate bond,DIRECTION GENERALE DU TRESOR,0,2025-02-25,300000,EUR,99.277,PERC,,BTFE,BTFE,BLOOMBERG,1,D2C,MTF,DBFTFB,0afa7333-94b2-46c2-804c-f9c3399e0764
2022-03-25 13:41:17.131000,FR0014007TY9,Corporate bond,DIRECTION GENERALE DU TRESOR,0,2025-02-25,400000,EUR,99.435,PERC,,BTFE,BTFE,BLOOMBERG,1,D2C,MTF,DBFTFB,ebf952b6-1468-4ffb-9fa9-06229f50cc1a
2022-03-24 09:38:26.461000,FR0014007TY9,Corporate bond,DIRECTION GENERALE DU TRESOR,0,2025-02-25,1500000,EUR,99.636,PERC,,BTFE,BTFE,BLOOMBERG,1,D2C,MTF,DBFTFB,5fb39720-b658-410b-a7ee-5230c437af8f
2022-03-23 10:21:00.632000,FR0014007TY9,Corporate bond,DIRECTION GENERALE DU TRESOR,0,2025-02-25,1000000,EUR,99.737,PERC,,BTFE,BTFE,BLOOMBERG,1,D2C,MTF,DBFTFB,d50c5571-2f31-447f-a31b-3de8f59d93ef
2022-03-22 15:14:43.678000,FR0014007TY9,Corporate bond,DIRECTION GENERALE DU TRESOR,0,2025-02-25,1200000,EUR,99.662,PERC,,BTFE,BTFE,BLOOMBERG,1,D2C,MTF,DBFTFB,6bc20670-2627-4925-a1b9-c99e6ed75acf
2022-03-22 15:01:15.169000,FR0014007TY9,Corporate bond,DIRECTION GENERALE DU TRESOR,0,2025-02-25,1000000,EUR,99.654,PERC,,BTFE,BTFE,BLOOMBERG,1,D2C,MTF,DBFTFB,98abccdb-6a35-4bd6-90ac-f5d27352af56
2022-03-22 12:08:08.944000,FR0014007TY9,Corporate bond,DIRECTION GENERALE DU TRESOR,0,2025-02-25,1300000,EUR,99.72,PERC,,BTFE,BTFE,BLOOMBERG,1,D2C,MTF,DBFTFB,d81808ee-ed1b-4635-b487-8cd68ee7d66e
2022-03-22 07:48:53.182508,FR0014007TY9,Corporate bond,DIRECTION GENERALE DU TRESOR,0,2025-02-25,157999000,EUR,100.093579,PERC,IDAF LRGS,BTFE,BTFE,BLOOMBERG,9,D2C,MTF,DBFTFB,
2022-03-16 10:01:52.937000,FR0014007TY9,Corporate bond,DIRECTION GENERALE DU TRESOR,0,2025-02-25,700000,EUR,100.113,PERC,,BTFE,BTFE,BLOOMBERG,1,D2C,MTF,DBFTFB,ed8951e9-56a3-4c35-bb6b-0f92fb451845
2022-03-14 10:29:06.368000,FR0014007TY9,Corporate bond,DIRECTION GENERALE DU TRESOR,0,2025-02-25,126526,EUR,99.97,PERC,,BTFE,BTFE,BLOOMBERG,1,D2C,MTF,DBFTFB,6fb0a281-404f-4b27-b6a1-b4734b9f0313
2022-03-10 12:27:52.341000,FR0014007TY9,Corporate bond,DIRECTION GENERALE DU TRESOR,0,2025-02-25,540000,EUR,100.526,PERC,,BTFE,BTFE,BLOOMBERG,1,D2C,MTF,DBFTFB,ee06fbfe-5b1e-4d2f-859f-5a209d0d6035
2022-03-10 07:35:49.187000,FR0014007TY9,Corporate bond,DIRECTION GENERALE DU TRESOR,0,2025-02-25,300000,EUR,100.5,PERC,,BTFE,BTFE,BLOOMBERG,1,D2C,MTF,DBFTFB,5f454ffc-27a5-4776-aa46-1c3d283ff262
2022-03-09 15:26:05.245000,FR0014007TY9,Corporate bond,DIRECTION GENERALE DU TRESOR,0,2025-02-25,1000000,EUR,100.612,PERC,,BTFE,BTFE,BLOOMBERG,1,D2C,MTF,DBFTFB,5613b35c-bc75-4c44-9746-a25b277f28ec
2022-03-09 14:40:33.966000,FR0014007TY9,Corporate bond,DIRECTION GENERALE DU TRESOR,0,2025-02-25,1000000,EUR,100.59,PERC,,BTFE,BTFE,BLOOMBERG,1,D2C,MTF,DBFTFB,b6b4a20a-f1a3-4ebc-9ec6-8b6551d57076
2022-03-09 11:12:22.023000,FR0014007TY9,Corporate bond,DIRECTION GENERALE DU TRESOR,0,2025-02-25,500000,EUR,100.731,PERC,,BTFE,BTFE,BLOOMBERG,1,D2C,MTF,DBFTFB,108bfa6e-c4ee-42b2-9588-6ad05d888305
2022-03-08 10:26:15.749000,FR0014007TY9,Corporate bond,DIRECTION GENERALE DU TRESOR,0,2025-02-25,351300,EUR,100.858,PERC,,BTFE,BTFE,BLOOMBERG,1,D2C,MTF,DBFTFB,870bc034-c6d1-4d1a-9b78-fede452667a8
2022-03-08 07:37:22.903267,FR0014007TY9,Corporate bond,DIRECTION GENERALE DU TRESOR,0,2025-02-25,281700510,EUR,100.914411,PERC,IDAF LRGS,BTFE,BTFE,BLOOMBERG,23,D2C,MTF,DBFTFB,
2022-03-07 12:16:00.192626,FR0014007TY9,Corporate bond,DIRECTION GENERALE DU TRESOR,0,2025-02-25,91670000,EUR,100.722907,PERC,IDAF LRGS,BTFE,BTFE,BLOOMBERG,11,D2C,MTF,DBFTFB,
2022-03-04 16:12:20.020000,FR0014007TY9,Corporate bond,DIRECTION GENERALE DU TRESOR,0,2025-02-25,300000,EUR,101.176,PERC,,BTFE,BTFE,BLOOMBERG,1,D2C,MTF,DBFTFB,4bf14ed6-791b-46e1-b0ea-659adaac90e2
2022-03-03 14:16:42.644000,FR0014007TY9,Corporate bond,DIRECTION GENERALE DU TRESOR,0,2025-02-25,1000000,EUR,100.707,PERC,,BTFE,BTFE,BLOOMBERG,1,D2C,MTF,DBFTFB,11c08f4c-37e8-4322-8eb1-917c112a5abb
2022-03-03 08:54:26.172000,FR0014007TY9,Corporate bond,DIRECTION GENERALE DU TRESOR,0,2025-02-25,800000,EUR,100.84,PERC,,BTFE,BTFE,BLOOMBERG,1,D2C,MTF,DBFTFB,ae765470-c66c-4d5a-bb63-120052c52c5e
2022-03-01 16:18:16.779000,FR0014007TY9,Corporate bond,DIRECTION GENERALE DU TRESOR,0,2025-02-25,212000,EUR,101.231,PERC,,BTFE,BTFE,BLOOMBERG,1,D2C,MTF,DBFTFB,f29c31cc-382c-43e9-a185-6c9b79044a72
2022-03-01 16:14:30.801000,FR0014007TY9,Corporate bond,DIRECTION GENERALE DU TRESOR,0,2025-02-25,1270,EUR,101.207,PERC,,BTFE,BTFE,BLOOMBERG,1,D2C,MTF,DBFTFB,4b983755-fb70-4f4a-ab0d-0d302fcd464c
2022-03-01 09:45:01.290000,FR0014007TY9,Corporate bond,DIRECTION GENERALE DU TRESOR,0,2025-02-25,600000,EUR,100.887,PERC,,BTFE,BTFE,BLOOMBERG,1,D2C,MTF,DBFTFB,571b3700-b7fd-4ebf-951e-9f0e750b219d
2022-03-01 08:47:39.487000,FR0014007TY9,Corporate bond,DIRECTION GENERALE DU TRESOR,0,2025-02-25,500000,EUR,100.669,PERC,,BTFE,BTFE,BLOOMBERG,1,D2C,MTF,DBFTFB,3ddf4c29-23d8-4e69-954c-0e0b4a1cde52
2022-03-01 07:47:58.870282,FR0014007TY9,Corporate bond,DIRECTION GENERALE DU TRESOR,0,2025-02-25,110000000,EUR,100.243891,PERC,IDAF LRGS,BTFE,BTFE,BLOOMBERG,16,D2C,MTF,DBFTFB,
2022-02-25 11:23:32.513000,FR0014007TY9,Corporate bond,DIRECTION GENERALE DU TRESOR,0,2025-02-25,1100000,EUR,100.282,PERC,,BTFE,BTFE,BLOOMBERG,1,D2C,MTF,DBFTFB,faa543b1-df2e-4599-afb7-79f7f9dba94c
2022-02-22 07:52:59.977136,FR0014007TY9,Corporate bond,DIRECTION GENERALE DU TRESOR,0,2025-02-25,226500000,EUR,100.339795,PERC,IDAF LRGS,BTFE,BTFE,BLOOMBERG,21,D2C,MTF,DBFTFB,
2022-02-17 16:08:32.234000,FR0014007TY9,Corporate bond,DIRECTION GENERALE DU TRESOR,0,2025-02-25,300000,EUR,100.348,PERC,,BTFE,BTFE,BLOOMBERG,1,D2C,MTF,DBFTFB,863792ee-4c79-4986-aa2c-e7a80596e6d9
2022-02-16 16:13:47.023000,FR0014007TY9,Corporate bond,DIRECTION GENERALE DU TRESOR,0,2025-02-25,220000,EUR,100.201,PERC,,BTFE,BTFE,BLOOMBERG,1,D2C,MTF,DBFTFB,c251957e-ceba-4665-b24c-5620a682bd42
2022-02-15 07:52:18.127521,FR0014007TY9,Corporate bond,DIRECTION GENERALE DU TRESOR,0,2025-02-25,452300000,EUR,100.013029,PERC,IDAF LRGS,BTFE,BTFE,BLOOMBERG,26,D2C,MTF,DBFTFB,
2022-02-14 15:11:03.758000,FR0014007TY9,Corporate bond,DIRECTION GENERALE DU TRESOR,0,2025-02-25,400000,EUR,100.208,PERC,,BTFE,BTFE,BLOOMBERG,1,D2C,MTF,DBFTFB,9bbfd240-0cd5-4e91-b03a-6e81a9eced97
2022-02-10 15:37:21.976000,FR0014007TY9,Corporate bond,DIRECTION GENERALE DU TRESOR,0,2025-02-25,1000000,EUR,100.076,PERC,,BTFE,BTFE,BLOOMBERG,1,D2C,MTF,DBFTFB,7da02cba-2a54-4736-95f1-16b4f9277325
2022-02-08 07:53:17.566537,FR0014007TY9,Corporate bond,DIRECTION GENERALE DU TRESOR,0,2025-02-25,65768810,EUR,100.657772,PERC,IDAF LRGS,BTFE,BTFE,BLOOMBERG,10,D2C,MTF,DBFTFB,
2022-02-01 07:52:34.711806,FR0014007TY9,Corporate bond,DIRECTION GENERALE DU TRESOR,0,2025-02-25,92000000,EUR,101.187399,PERC,IDAF SIZE,BTFE,BTFE,BLOOMBERG,8,D2C,MTF,DBFTFB,
