Historical Rts2 Post Trade Microsecond,Historical Rts2 Instrument Identification Code,Bond Type Bond Type Desc,Instruments New Issuer Name,Instruments New Bond Fixed Rate,Instruments New Bond Maturity Date,Historical Rts2 Notional Amount,Historical Rts2 Notional Currency,Historical Rts2 Price,Historical Rts2 Price Notation,Historical Rts2 Flag List,Historical Rts2 Venue of Execution,Historical Rts2 Venue of Publication,Mifid Entities Commercial Name,Historical Rts2 Transaction Count,Mifid Entities Platform Type,Mifid Entities Trading Venue Types,Instruments New Cfi,Historical Rts2 Transaction Identification Code
2022-08-03 14:00:00.841838,FR0014007TY9,Corporate bond,DIRECTION GENERALE DU TRESOR,0,2025-02-25,5000000,EUR,98.27,PERC,,FMTS,FMTS,MTS,1,D2D,MTF,DBFTFB,401428
2022-08-03 11:50:40.125641,FR0014007TY9,Corporate bond,DIRECTION GENERALE DU TRESOR,0,2025-02-25,10000000,EUR,98.27,PERC,,FMTS,FMTS,MTS,1,D2D,MTF,DBFTFB,400906
2022-08-02 11:41:43.832732,FR0014007TY9,Corporate bond,DIRECTION GENERALE DU TRESOR,0,2025-02-25,10000000,EUR,98.74,PERC,,FMTS,FMTS,MTS,1,D2D,MTF,DBFTFB,401438
2022-08-02 11:32:57.131749,FR0014007TY9,Corporate bond,DIRECTION GENERALE DU TRESOR,0,2025-02-25,10000000,EUR,98.74,PERC,,FMTS,FMTS,MTS,1,D2D,MTF,DBFTFB,401405
2022-07-29 09:30:58.746719,FR0014007TY9,Corporate bond,DIRECTION GENERALE DU TRESOR,0,2025-02-25,10000000,EUR,98.425,PERC,,FMTS,FMTS,MTS,1,D2D,MTF,DBFTFB,400708
2022-07-29 09:30:58.736395,FR0014007TY9,Corporate bond,DIRECTION GENERALE DU TRESOR,0,2025-02-25,10000000,EUR,98.43,PERC,,FMTS,FMTS,MTS,1,D2D,MTF,DBFTFB,400707
2022-07-29 09:04:25.271221,FR0014007TY9,Corporate bond,DIRECTION GENERALE DU TRESOR,0,2025-02-25,10000000,EUR,98.395,PERC,,FMTS,FMTS,MTS,1,D2D,MTF,DBFTFB,400597
2022-07-29 08:32:35.796177,FR0014007TY9,Corporate bond,DIRECTION GENERALE DU TRESOR,0,2025-02-25,10000000,EUR,98.42,PERC,,FMTS,FMTS,MTS,1,D2D,MTF,DBFTFB,400410
2022-07-29 08:32:35.781973,FR0014007TY9,Corporate bond,DIRECTION GENERALE DU TRESOR,0,2025-02-25,10000000,EUR,98.42,PERC,,FMTS,FMTS,MTS,1,D2D,MTF,DBFTFB,400409
2022-07-27 12:59:32.421861,FR0014007TY9,Corporate bond,DIRECTION GENERALE DU TRESOR,0,2025-02-25,10000000,EUR,98.23,PERC,,FMTS,FMTS,MTS,1,D2D,MTF,DBFTFB,401322
2022-07-27 12:59:32.396345,FR0014007TY9,Corporate bond,DIRECTION GENERALE DU TRESOR,0,2025-02-25,10000000,EUR,98.235,PERC,,FMTS,FMTS,MTS,1,D2D,MTF,DBFTFB,401321
2022-07-27 12:59:32.388183,FR0014007TY9,Corporate bond,DIRECTION GENERALE DU TRESOR,0,2025-02-25,10000000,EUR,98.235,PERC,,FMTS,FMTS,MTS,1,D2D,MTF,DBFTFB,401320
2022-07-27 12:59:32.377443,FR0014007TY9,Corporate bond,DIRECTION GENERALE DU TRESOR,0,2025-02-25,10000000,EUR,98.235,PERC,,FMTS,FMTS,MTS,1,D2D,MTF,DBFTFB,401319
2022-07-27 12:59:32.361570,FR0014007TY9,Corporate bond,DIRECTION GENERALE DU TRESOR,0,2025-02-25,10000000,EUR,98.24,PERC,,FMTS,FMTS,MTS,1,D2D,MTF,DBFTFB,401318
2022-07-27 12:59:32.347982,FR0014007TY9,Corporate bond,DIRECTION GENERALE DU TRESOR,0,2025-02-25,10000000,EUR,98.24,PERC,,FMTS,FMTS,MTS,1,D2D,MTF,DBFTFB,401317
2022-07-22 15:17:18.280754,FR0014007TY9,Corporate bond,DIRECTION GENERALE DU TRESOR,0,2025-02-25,10000000,EUR,98.11,PERC,,FMTS,FMTS,MTS,1,D2D,MTF,DBFTFB,402085
2022-07-21 14:44:30.157677,FR0014007TY9,Corporate bond,DIRECTION GENERALE DU TRESOR,0,2025-02-25,10000000,EUR,97.53,PERC,,FMTS,FMTS,MTS,1,D2D,MTF,DBFTFB,401758
2022-07-21 09:55:49.049866,FR0014007TY9,Corporate bond,DIRECTION GENERALE DU TRESOR,0,2025-02-25,10000000,EUR,97.5,PERC,,FMTS,FMTS,MTS,1,D2D,MTF,DBFTFB,400796
2022-07-21 09:37:20.061827,FR0014007TY9,Corporate bond,DIRECTION GENERALE DU TRESOR,0,2025-02-25,10000000,EUR,97.475,PERC,,FMTS,FMTS,MTS,1,D2D,MTF,DBFTFB,400711
2022-07-21 08:57:34.491288,FR0014007TY9,Corporate bond,DIRECTION GENERALE DU TRESOR,0,2025-02-25,10000000,EUR,97.485,PERC,,FMTS,FMTS,MTS,1,D2D,MTF,DBFTFB,400480
2022-07-21 08:57:34.484434,FR0014007TY9,Corporate bond,DIRECTION GENERALE DU TRESOR,0,2025-02-25,10000000,EUR,97.485,PERC,,FMTS,FMTS,MTS,1,D2D,MTF,DBFTFB,400479
2022-07-21 08:57:34.474108,FR0014007TY9,Corporate bond,DIRECTION GENERALE DU TRESOR,0,2025-02-25,10000000,EUR,97.48,PERC,,FMTS,FMTS,MTS,1,D2D,MTF,DBFTFB,400478
2022-07-21 08:25:40.342571,FR0014007TY9,Corporate bond,DIRECTION GENERALE DU TRESOR,0,2025-02-25,10000000,EUR,97.495,PERC,,FMTS,FMTS,MTS,1,D2D,MTF,DBFTFB,400347
2022-07-21 08:16:51.613254,FR0014007TY9,Corporate bond,DIRECTION GENERALE DU TRESOR,0,2025-02-25,10000000,EUR,97.51,PERC,,FMTS,FMTS,MTS,1,D2D,MTF,DBFTFB,400326
2022-07-21 08:14:50.320765,FR0014007TY9,Corporate bond,DIRECTION GENERALE DU TRESOR,0,2025-02-25,10000000,EUR,97.51,PERC,,FMTS,FMTS,MTS,1,D2D,MTF,DBFTFB,400305
2022-07-21 08:12:29.753697,FR0014007TY9,Corporate bond,DIRECTION GENERALE DU TRESOR,0,2025-02-25,10000000,EUR,97.49,PERC,,FMTS,FMTS,MTS,1,D2D,MTF,DBFTFB,400290
2022-07-21 08:09:47.415089,FR0014007TY9,Corporate bond,DIRECTION GENERALE DU TRESOR,0,2025-02-25,10000000,EUR,97.49,PERC,,FMTS,FMTS,MTS,1,D2D,MTF,DBFTFB,400276
2022-07-21 08:09:47.400408,FR0014007TY9,Corporate bond,DIRECTION GENERALE DU TRESOR,0,2025-02-25,10000000,EUR,97.49,PERC,,FMTS,FMTS,MTS,1,D2D,MTF,DBFTFB,400275
2022-07-20 10:31:48.408847,FR0014007TY9,Corporate bond,DIRECTION GENERALE DU TRESOR,0,2025-02-25,5000000,EUR,97.68,PERC,,FMTS,FMTS,MTS,1,D2D,MTF,DBFTFB,400715
2022-07-20 10:14:53.717329,FR0014007TY9,Corporate bond,DIRECTION GENERALE DU TRESOR,0,2025-02-25,10000000,EUR,97.665,PERC,,FMTS,FMTS,MTS,1,D2D,MTF,DBFTFB,400687
2022-07-20 09:19:29.048709,FR0014007TY9,Corporate bond,DIRECTION GENERALE DU TRESOR,0,2025-02-25,9500000,EUR,97.67,PERC,,FMTS,FMTS,MTS,1,D2D,MTF,DBFTFB,400467
2022-07-20 09:03:47.019436,FR0014007TY9,Corporate bond,DIRECTION GENERALE DU TRESOR,0,2025-02-25,10000000,EUR,97.665,PERC,,FMTS,FMTS,MTS,1,D2D,MTF,DBFTFB,400370
2022-07-20 08:47:41.145149,FR0014007TY9,Corporate bond,DIRECTION GENERALE DU TRESOR,0,2025-02-25,10000000,EUR,97.675,PERC,,FMTS,FMTS,MTS,1,D2D,MTF,DBFTFB,400325
2022-07-19 14:12:57.614202,FR0014007TY9,Corporate bond,DIRECTION GENERALE DU TRESOR,0,2025-02-25,5000000,EUR,97.64,PERC,,FMTS,FMTS,MTS,1,D2D,MTF,DBFTFB,402233
2022-07-18 14:36:47.020124,FR0014007TY9,Corporate bond,DIRECTION GENERALE DU TRESOR,0,2025-02-25,10000000,EUR,97.8,PERC,,FMTS,FMTS,MTS,1,D2D,MTF,DBFTFB,402089
2022-07-18 12:46:09.912548,FR0014007TY9,Corporate bond,DIRECTION GENERALE DU TRESOR,0,2025-02-25,10000000,EUR,97.75,PERC,,FMTS,FMTS,MTS,1,D2D,MTF,DBFTFB,401591
2022-07-18 12:25:12.463340,FR0014007TY9,Corporate bond,DIRECTION GENERALE DU TRESOR,0,2025-02-25,10000000,EUR,97.78,PERC,,FMTS,FMTS,MTS,1,D2D,MTF,DBFTFB,401466
2022-07-15 14:00:00.298864,FR0014007TY9,Corporate bond,DIRECTION GENERALE DU TRESOR,0,2025-02-25,5000000,EUR,97.96,PERC,,FMTS,FMTS,MTS,1,D2D,MTF,DBFTFB,401411
2022-07-15 12:31:08.859582,FR0014007TY9,Corporate bond,DIRECTION GENERALE DU TRESOR,0,2025-02-25,5000000,EUR,97.85,PERC,,FMTS,FMTS,MTS,1,D2D,MTF,DBFTFB,401059
2022-07-15 07:38:25.973190,FR0014007TY9,Corporate bond,DIRECTION GENERALE DU TRESOR,0,2025-02-25,10000000,EUR,98.065,PERC,,FMTS,FMTS,MTS,1,D2D,MTF,DBFTFB,400099
2022-07-14 13:54:46.965795,FR0014007TY9,Corporate bond,DIRECTION GENERALE DU TRESOR,0,2025-02-25,10000000,EUR,97.77,PERC,,FMTS,FMTS,MTS,1,D2D,MTF,DBFTFB,402165
2022-07-14 08:30:44.886247,FR0014007TY9,Corporate bond,DIRECTION GENERALE DU TRESOR,0,2025-02-25,5000000,EUR,97.675,PERC,,FMTS,FMTS,MTS,1,D2D,MTF,DBFTFB,400518
2022-07-12 08:33:25.819679,FR0014007TY9,Corporate bond,DIRECTION GENERALE DU TRESOR,0,2025-02-25,5000000,EUR,98.165,PERC,,FMTS,FMTS,MTS,1,D2D,MTF,DBFTFB,400662
2022-07-11 10:47:47.222447,FR0014007TY9,Corporate bond,DIRECTION GENERALE DU TRESOR,0,2025-02-25,10000000,EUR,97.86,PERC,,FMTS,FMTS,MTS,1,D2D,MTF,DBFTFB,400911
2022-07-08 13:47:50.374490,FR0014007TY9,Corporate bond,DIRECTION GENERALE DU TRESOR,0,2025-02-25,10000000,EUR,97.79,PERC,,FMTS,FMTS,MTS,1,D2D,MTF,DBFTFB,401972
2022-07-05 15:02:36.839130,FR0014007TY9,Corporate bond,DIRECTION GENERALE DU TRESOR,0,2025-02-25,10000000,EUR,97.845,PERC,,FMTS,FMTS,MTS,1,D2D,MTF,DBFTFB,402582
2022-07-01 09:31:46.416115,FR0014007TY9,Corporate bond,DIRECTION GENERALE DU TRESOR,0,2025-02-25,10000000,EUR,97.34,PERC,,FMTS,FMTS,MTS,1,D2D,MTF,DBFTFB,400771
2022-06-30 14:51:23.044162,FR0014007TY9,Corporate bond,DIRECTION GENERALE DU TRESOR,0,2025-02-25,10000000,EUR,97.295,PERC,,FMTS,FMTS,MTS,1,D2D,MTF,DBFTFB,402281
2022-06-30 14:07:43.474586,FR0014007TY9,Corporate bond,DIRECTION GENERALE DU TRESOR,0,2025-02-25,10000000,EUR,97.29,PERC,,FMTS,FMTS,MTS,1,D2D,MTF,DBFTFB,402017
2022-06-30 13:56:58.609776,FR0014007TY9,Corporate bond,DIRECTION GENERALE DU TRESOR,0,2025-02-25,10000000,EUR,97.315,PERC,,FMTS,FMTS,MTS,1,D2D,MTF,DBFTFB,401973
2022-06-30 13:32:52.317851,FR0014007TY9,Corporate bond,DIRECTION GENERALE DU TRESOR,0,2025-02-25,10000000,EUR,97.305,PERC,,FMTS,FMTS,MTS,1,D2D,MTF,DBFTFB,401875
2022-06-30 13:31:15.430022,FR0014007TY9,Corporate bond,DIRECTION GENERALE DU TRESOR,0,2025-02-25,10000000,EUR,97.295,PERC,,FMTS,FMTS,MTS,1,D2D,MTF,DBFTFB,401866
2022-06-30 13:18:17.269162,FR0014007TY9,Corporate bond,DIRECTION GENERALE DU TRESOR,0,2025-02-25,10000000,EUR,97.325,PERC,,FMTS,FMTS,MTS,1,D2D,MTF,DBFTFB,401791
2022-06-30 13:12:04.960374,FR0014007TY9,Corporate bond,DIRECTION GENERALE DU TRESOR,0,2025-02-25,10000000,EUR,97.34,PERC,,FMTS,FMTS,MTS,1,D2D,MTF,DBFTFB,401768
2022-06-28 14:33:14.053035,FR0014007TY9,Corporate bond,DIRECTION GENERALE DU TRESOR,0,2025-02-25,10000000,EUR,96.605,PERC,,FMTS,FMTS,MTS,1,D2D,MTF,DBFTFB,402488
2022-06-27 09:46:03.069704,FR0014007TY9,Corporate bond,DIRECTION GENERALE DU TRESOR,0,2025-02-25,10000000,EUR,96.885,PERC,,FMTS,FMTS,MTS,1,D2D,MTF,DBFTFB,400913
2022-06-27 09:22:12.038446,FR0014007TY9,Corporate bond,DIRECTION GENERALE DU TRESOR,0,2025-02-25,10000000,EUR,96.975,PERC,,FMTS,FMTS,MTS,1,D2D,MTF,DBFTFB,400647
2022-06-24 14:00:01.640503,FR0014007TY9,Corporate bond,DIRECTION GENERALE DU TRESOR,0,2025-02-25,5000000,EUR,96.955,PERC,,FMTS,FMTS,MTS,1,D2D,MTF,DBFTFB,401949
2022-06-24 13:00:46.090736,FR0014007TY9,Corporate bond,DIRECTION GENERALE DU TRESOR,0,2025-02-25,10000000,EUR,96.93,PERC,,FMTS,FMTS,MTS,1,D2D,MTF,DBFTFB,401667
2022-06-23 13:48:14.728898,FR0014007TY9,Corporate bond,DIRECTION GENERALE DU TRESOR,0,2025-02-25,10000000,EUR,97.005,PERC,,FMTS,FMTS,MTS,1,D2D,MTF,DBFTFB,402059
2022-06-23 13:48:14.717469,FR0014007TY9,Corporate bond,DIRECTION GENERALE DU TRESOR,0,2025-02-25,10000000,EUR,97.005,PERC,,FMTS,FMTS,MTS,1,D2D,MTF,DBFTFB,402058
2022-06-20 08:35:53.488167,FR0014007TY9,Corporate bond,DIRECTION GENERALE DU TRESOR,0,2025-02-25,10000000,EUR,96.345,PERC,,FMTS,FMTS,MTS,1,D2D,MTF,DBFTFB,400304
2022-06-17 13:21:11.765478,FR0014007TY9,Corporate bond,DIRECTION GENERALE DU TRESOR,0,2025-02-25,5000000,EUR,96.18,PERC,,FMTS,FMTS,MTS,1,D2D,MTF,DBFTFB,401211
2022-06-17 13:21:07.548441,FR0014007TY9,Corporate bond,DIRECTION GENERALE DU TRESOR,0,2025-02-25,10000000,EUR,96.18,PERC,,FMTS,FMTS,MTS,1,D2D,MTF,DBFTFB,401210
2022-06-17 13:21:07.536442,FR0014007TY9,Corporate bond,DIRECTION GENERALE DU TRESOR,0,2025-02-25,10000000,EUR,96.18,PERC,,FMTS,FMTS,MTS,1,D2D,MTF,DBFTFB,401209
2022-06-17 13:20:33.682078,FR0014007TY9,Corporate bond,DIRECTION GENERALE DU TRESOR,0,2025-02-25,10000000,EUR,96.18,PERC,,FMTS,FMTS,MTS,1,D2D,MTF,DBFTFB,401207
2022-06-17 13:20:19.520204,FR0014007TY9,Corporate bond,DIRECTION GENERALE DU TRESOR,0,2025-02-25,5000000,EUR,96.18,PERC,,FMTS,FMTS,MTS,1,D2D,MTF,DBFTFB,401206
2022-06-17 13:20:09.042243,FR0014007TY9,Corporate bond,DIRECTION GENERALE DU TRESOR,0,2025-02-25,10000000,EUR,96.18,PERC,,FMTS,FMTS,MTS,1,D2D,MTF,DBFTFB,401204
2022-06-17 10:32:45.363804,FR0014007TY9,Corporate bond,DIRECTION GENERALE DU TRESOR,0,2025-02-25,6000000,EUR,96.21,PERC,,FMTS,FMTS,MTS,1,D2D,MTF,DBFTFB,400722
2022-06-17 08:25:34.076914,FR0014007TY9,Corporate bond,DIRECTION GENERALE DU TRESOR,0,2025-02-25,6000000,EUR,96.12,PERC,,FMTS,FMTS,MTS,1,D2D,MTF,DBFTFB,400230
2022-06-17 08:22:29.143832,FR0014007TY9,Corporate bond,DIRECTION GENERALE DU TRESOR,0,2025-02-25,10000000,EUR,96.11,PERC,,FMTS,FMTS,MTS,1,D2D,MTF,DBFTFB,400190
2022-06-17 08:21:46.332459,FR0014007TY9,Corporate bond,DIRECTION GENERALE DU TRESOR,0,2025-02-25,10000000,EUR,96.115,PERC,,FMTS,FMTS,MTS,1,D2D,MTF,DBFTFB,400185
2022-06-16 08:49:29.006279,FR0014007TY9,Corporate bond,DIRECTION GENERALE DU TRESOR,0,2025-02-25,10000000,EUR,95.8,PERC,,FMTS,FMTS,MTS,1,D2D,MTF,DBFTFB,400390
2022-06-16 08:47:40.510647,FR0014007TY9,Corporate bond,DIRECTION GENERALE DU TRESOR,0,2025-02-25,10000000,EUR,95.81,PERC,,FMTS,FMTS,MTS,1,D2D,MTF,DBFTFB,400388
2022-06-16 08:46:03.155469,FR0014007TY9,Corporate bond,DIRECTION GENERALE DU TRESOR,0,2025-02-25,10000000,EUR,95.795,PERC,,FMTS,FMTS,MTS,1,D2D,MTF,DBFTFB,400386
2022-06-16 08:45:20.775946,FR0014007TY9,Corporate bond,DIRECTION GENERALE DU TRESOR,0,2025-02-25,10000000,EUR,95.795,PERC,,FMTS,FMTS,MTS,1,D2D,MTF,DBFTFB,400385
2022-06-16 08:35:55.086176,FR0014007TY9,Corporate bond,DIRECTION GENERALE DU TRESOR,0,2025-02-25,10000000,EUR,95.885,PERC,,FMTS,FMTS,MTS,1,D2D,MTF,DBFTFB,400366
2022-06-16 08:35:55.079480,FR0014007TY9,Corporate bond,DIRECTION GENERALE DU TRESOR,0,2025-02-25,10000000,EUR,95.885,PERC,,FMTS,FMTS,MTS,1,D2D,MTF,DBFTFB,400365
2022-06-16 08:29:12.887796,FR0014007TY9,Corporate bond,DIRECTION GENERALE DU TRESOR,0,2025-02-25,10000000,EUR,95.86,PERC,,FMTS,FMTS,MTS,1,D2D,MTF,DBFTFB,400329
2022-06-15 14:54:51.868607,FR0014007TY9,Corporate bond,DIRECTION GENERALE DU TRESOR,0,2025-02-25,10000000,EUR,96.24,PERC,,FMTS,FMTS,MTS,1,D2D,MTF,DBFTFB,401577
2022-06-14 10:01:38.604147,FR0014007TY9,Corporate bond,DIRECTION GENERALE DU TRESOR,0,2025-02-25,10000000,EUR,96.01,PERC,,FMTS,FMTS,MTS,1,D2D,MTF,DBFTFB,401096
2022-06-13 15:12:36.498671,FR0014007TY9,Corporate bond,DIRECTION GENERALE DU TRESOR,0,2025-02-25,10000000,EUR,96.065,PERC,,FMTS,FMTS,MTS,1,D2D,MTF,DBFTFB,402745
2022-06-13 10:56:34.403515,FR0014007TY9,Corporate bond,DIRECTION GENERALE DU TRESOR,0,2025-02-25,10000000,EUR,96.195,PERC,,FMTS,FMTS,MTS,1,D2D,MTF,DBFTFB,401415
2022-06-13 10:18:01.913614,FR0014007TY9,Corporate bond,DIRECTION GENERALE DU TRESOR,0,2025-02-25,10000000,EUR,96.255,PERC,,FMTS,FMTS,MTS,1,D2D,MTF,DBFTFB,401212
2022-06-13 09:48:34.966600,FR0014007TY9,Corporate bond,DIRECTION GENERALE DU TRESOR,0,2025-02-25,10000000,EUR,96.265,PERC,,FMTS,FMTS,MTS,1,D2D,MTF,DBFTFB,401026
2022-06-13 09:47:17.454461,FR0014007TY9,Corporate bond,DIRECTION GENERALE DU TRESOR,0,2025-02-25,10000000,EUR,96.275,PERC,,FMTS,FMTS,MTS,1,D2D,MTF,DBFTFB,401024
2022-06-10 13:39:40.085070,FR0014007TY9,Corporate bond,DIRECTION GENERALE DU TRESOR,0,2025-02-25,5000000,EUR,96.68,PERC,,FMTS,FMTS,MTS,1,D2D,MTF,DBFTFB,402141
2022-06-10 12:30:01.994747,FR0014007TY9,Corporate bond,DIRECTION GENERALE DU TRESOR,0,2025-02-25,5000000,EUR,96.74,PERC,,FMTS,FMTS,MTS,1,D2D,MTF,DBFTFB,401817
2022-06-10 11:58:27.434691,FR0014007TY9,Corporate bond,DIRECTION GENERALE DU TRESOR,0,2025-02-25,5000000,EUR,96.835,PERC,,FMTS,FMTS,MTS,1,D2D,MTF,DBFTFB,401674
2022-06-08 14:00:18.249269,FR0014007TY9,Corporate bond,DIRECTION GENERALE DU TRESOR,0,2025-02-25,5000000,EUR,97.31,PERC,,FMTS,FMTS,MTS,1,D2D,MTF,DBFTFB,402624
2022-06-08 14:00:15.250924,FR0014007TY9,Corporate bond,DIRECTION GENERALE DU TRESOR,0,2025-02-25,5000000,EUR,97.31,PERC,,FMTS,FMTS,MTS,1,D2D,MTF,DBFTFB,402623
2022-06-08 08:38:56.410739,FR0014007TY9,Corporate bond,DIRECTION GENERALE DU TRESOR,0,2025-02-25,10000000,EUR,97.405,PERC,,FMTS,FMTS,MTS,1,D2D,MTF,DBFTFB,400399
2022-06-08 08:04:06.771520,FR0014007TY9,Corporate bond,DIRECTION GENERALE DU TRESOR,0,2025-02-25,10000000,EUR,97.45,PERC,,FMTS,FMTS,MTS,1,D2D,MTF,DBFTFB,400205
2022-06-07 13:58:04.838278,FR0014007TY9,Corporate bond,DIRECTION GENERALE DU TRESOR,0,2025-02-25,10000000,EUR,97.505,PERC,,FMTS,FMTS,MTS,1,D2D,MTF,DBFTFB,402367
2022-06-03 15:08:08.315098,FR0014007TY9,Corporate bond,DIRECTION GENERALE DU TRESOR,0,2025-02-25,5000000,EUR,97.55,PERC,,FMTS,FMTS,MTS,1,D2D,MTF,DBFTFB,401800
2022-06-03 15:07:49.869974,FR0014007TY9,Corporate bond,DIRECTION GENERALE DU TRESOR,0,2025-02-25,5000000,EUR,97.55,PERC,,FMTS,FMTS,MTS,1,D2D,MTF,DBFTFB,401794
2022-06-02 14:09:04.167655,FR0014007TY9,Corporate bond,DIRECTION GENERALE DU TRESOR,0,2025-02-25,10000000,EUR,97.635,PERC,,FMTS,FMTS,MTS,1,D2D,MTF,DBFTFB,402311
2022-06-02 10:09:19.443690,FR0014007TY9,Corporate bond,DIRECTION GENERALE DU TRESOR,0,2025-02-25,10000000,EUR,97.68,PERC,,FMTS,FMTS,MTS,1,D2D,MTF,DBFTFB,401275
2022-06-02 10:09:19.432805,FR0014007TY9,Corporate bond,DIRECTION GENERALE DU TRESOR,0,2025-02-25,10000000,EUR,97.68,PERC,,FMTS,FMTS,MTS,1,D2D,MTF,DBFTFB,401274
2022-06-02 10:09:19.417514,FR0014007TY9,Corporate bond,DIRECTION GENERALE DU TRESOR,0,2025-02-25,10000000,EUR,97.68,PERC,,FMTS,FMTS,MTS,1,D2D,MTF,DBFTFB,401273
2022-06-01 14:00:00.044152,FR0014007TY9,Corporate bond,DIRECTION GENERALE DU TRESOR,0,2025-02-25,5000000,EUR,97.92,PERC,,FMTS,FMTS,MTS,1,D2D,MTF,DBFTFB,402548
2022-06-01 11:49:44.272455,FR0014007TY9,Corporate bond,DIRECTION GENERALE DU TRESOR,0,2025-02-25,10000000,EUR,97.905,PERC,,FMTS,FMTS,MTS,1,D2D,MTF,DBFTFB,401911
2022-05-31 15:09:41.996653,FR0014007TY9,Corporate bond,DIRECTION GENERALE DU TRESOR,0,2025-02-25,10000000,EUR,97.935,PERC,,FMTS,FMTS,MTS,1,D2D,MTF,DBFTFB,403327
2022-05-30 11:11:02.416665,FR0014007TY9,Corporate bond,DIRECTION GENERALE DU TRESOR,0,2025-02-25,10000000,EUR,98.125,PERC,,FMTS,FMTS,MTS,1,D2D,MTF,DBFTFB,401533
2022-05-30 10:16:57.866593,FR0014007TY9,Corporate bond,DIRECTION GENERALE DU TRESOR,0,2025-02-25,10000000,EUR,98.13,PERC,,FMTS,FMTS,MTS,1,D2D,MTF,DBFTFB,401221
2022-05-30 10:16:13.897076,FR0014007TY9,Corporate bond,DIRECTION GENERALE DU TRESOR,0,2025-02-25,10000000,EUR,98.135,PERC,,FMTS,FMTS,MTS,1,D2D,MTF,DBFTFB,401219
2022-05-25 13:15:01.839800,FR0014007TY9,Corporate bond,DIRECTION GENERALE DU TRESOR,0,2025-02-25,7000000,EUR,98.35,PERC,,FMTS,FMTS,MTS,1,D2D,MTF,DBFTFB,402230
2022-05-25 13:14:57.086999,FR0014007TY9,Corporate bond,DIRECTION GENERALE DU TRESOR,0,2025-02-25,7000000,EUR,98.35,PERC,,FMTS,FMTS,MTS,1,D2D,MTF,DBFTFB,402229
2022-05-25 12:32:17.723754,FR0014007TY9,Corporate bond,DIRECTION GENERALE DU TRESOR,0,2025-02-25,10000000,EUR,98.405,PERC,,FMTS,FMTS,MTS,1,D2D,MTF,DBFTFB,401867
2022-05-24 14:59:18.786152,FR0014007TY9,Corporate bond,DIRECTION GENERALE DU TRESOR,0,2025-02-25,10000000,EUR,98.305,PERC,,FMTS,FMTS,MTS,1,D2D,MTF,DBFTFB,403060
2022-05-23 15:15:53.087616,FR0014007TY9,Corporate bond,DIRECTION GENERALE DU TRESOR,0,2025-02-25,10000000,EUR,98.15,PERC,,FMTS,FMTS,MTS,1,D2D,MTF,DBFTFB,402549
2022-05-23 15:00:29.016647,FR0014007TY9,Corporate bond,DIRECTION GENERALE DU TRESOR,0,2025-02-25,10000000,EUR,98.15,PERC,,FMTS,FMTS,MTS,1,D2D,MTF,DBFTFB,402494
2022-05-23 09:33:33.930250,FR0014007TY9,Corporate bond,DIRECTION GENERALE DU TRESOR,0,2025-02-25,10000000,EUR,98.18,PERC,,FMTS,FMTS,MTS,1,D2D,MTF,DBFTFB,400708
2022-05-23 08:57:57.620237,FR0014007TY9,Corporate bond,DIRECTION GENERALE DU TRESOR,0,2025-02-25,10000000,EUR,98.23,PERC,,FMTS,FMTS,MTS,1,D2D,MTF,DBFTFB,400575
2022-05-23 07:09:50.838202,FR0014007TY9,Corporate bond,DIRECTION GENERALE DU TRESOR,0,2025-02-25,10000000,EUR,98.27,PERC,,FMTS,FMTS,MTS,1,D2D,MTF,DBFTFB,400029
2022-05-23 07:07:33.925522,FR0014007TY9,Corporate bond,DIRECTION GENERALE DU TRESOR,0,2025-02-25,10000000,EUR,98.27,PERC,,FMTS,FMTS,MTS,1,D2D,MTF,DBFTFB,400028
2022-05-23 07:07:33.917503,FR0014007TY9,Corporate bond,DIRECTION GENERALE DU TRESOR,0,2025-02-25,10000000,EUR,98.27,PERC,,FMTS,FMTS,MTS,1,D2D,MTF,DBFTFB,400027
2022-05-20 14:29:02.582338,FR0014007TY9,Corporate bond,DIRECTION GENERALE DU TRESOR,0,2025-02-25,6000000,EUR,98.28,PERC,,FMTS,FMTS,MTS,1,D2D,MTF,DBFTFB,401845
2022-05-19 14:04:25.242843,FR0014007TY9,Corporate bond,DIRECTION GENERALE DU TRESOR,0,2025-02-25,10000000,EUR,98.28,PERC,,FMTS,FMTS,MTS,1,D2D,MTF,DBFTFB,402508
2022-05-19 13:59:52.909954,FR0014007TY9,Corporate bond,DIRECTION GENERALE DU TRESOR,0,2025-02-25,10000000,EUR,98.295,PERC,,FMTS,FMTS,MTS,1,D2D,MTF,DBFTFB,402467
2022-05-19 09:22:49.834191,FR0014007TY9,Corporate bond,DIRECTION GENERALE DU TRESOR,0,2025-02-25,10000000,EUR,98.25,PERC,,FMTS,FMTS,MTS,1,D2D,MTF,DBFTFB,400853
2022-05-19 08:45:01.624264,FR0014007TY9,Corporate bond,DIRECTION GENERALE DU TRESOR,0,2025-02-25,10000000,EUR,98.225,PERC,,FMTS,FMTS,MTS,1,D2D,MTF,DBFTFB,400698
2022-05-19 08:29:18.850387,FR0014007TY9,Corporate bond,DIRECTION GENERALE DU TRESOR,0,2025-02-25,10000000,EUR,98.25,PERC,,FMTS,FMTS,MTS,1,D2D,MTF,DBFTFB,400519
2022-05-19 07:45:50.061405,FR0014007TY9,Corporate bond,DIRECTION GENERALE DU TRESOR,0,2025-02-25,5000000,EUR,98.29,PERC,,FMTS,FMTS,MTS,1,D2D,MTF,DBFTFB,400324
2022-05-18 14:50:21.098516,FR0014007TY9,Corporate bond,DIRECTION GENERALE DU TRESOR,0,2025-02-25,10000000,EUR,98.24,PERC,,FMTS,FMTS,MTS,1,D2D,MTF,DBFTFB,403134
2022-05-17 14:40:10.906229,FR0014007TY9,Corporate bond,DIRECTION GENERALE DU TRESOR,0,2025-02-25,10000000,EUR,98.27,PERC,,FMTS,FMTS,MTS,1,D2D,MTF,DBFTFB,403322
2022-05-16 10:11:05.329359,FR0014007TY9,Corporate bond,DIRECTION GENERALE DU TRESOR,0,2025-02-25,10000000,EUR,98.505,PERC,,FMTS,FMTS,MTS,1,D2D,MTF,DBFTFB,401039
2022-05-16 10:11:05.314870,FR0014007TY9,Corporate bond,DIRECTION GENERALE DU TRESOR,0,2025-02-25,10000000,EUR,98.5,PERC,,FMTS,FMTS,MTS,1,D2D,MTF,DBFTFB,401038
2022-05-13 12:41:06.721212,FR0014007TY9,Corporate bond,DIRECTION GENERALE DU TRESOR,0,2025-02-25,10000000,EUR,98.73,PERC,,FMTS,FMTS,MTS,1,D2D,MTF,DBFTFB,401774
2022-05-09 09:48:51.235225,FR0014007TY9,Corporate bond,DIRECTION GENERALE DU TRESOR,0,2025-02-25,10000000,EUR,98.075,PERC,,FMTS,FMTS,MTS,1,D2D,MTF,DBFTFB,400939
2022-05-09 09:06:47.606199,FR0014007TY9,Corporate bond,DIRECTION GENERALE DU TRESOR,0,2025-02-25,6000000,EUR,98.1,PERC,,FMTS,FMTS,MTS,1,D2D,MTF,DBFTFB,400698
2022-05-09 09:03:02.486538,FR0014007TY9,Corporate bond,DIRECTION GENERALE DU TRESOR,0,2025-02-25,10000000,EUR,98.1,PERC,,FMTS,FMTS,MTS,1,D2D,MTF,DBFTFB,400664
2022-05-09 09:03:02.474441,FR0014007TY9,Corporate bond,DIRECTION GENERALE DU TRESOR,0,2025-02-25,10000000,EUR,98.085,PERC,,FMTS,FMTS,MTS,1,D2D,MTF,DBFTFB,400663
2022-05-03 08:27:37.768560,FR0014007TY9,Corporate bond,DIRECTION GENERALE DU TRESOR,0,2025-02-25,10000000,EUR,98.15,PERC,,FMTS,FMTS,MTS,1,D2D,MTF,DBFTFB,400413
2022-05-02 08:20:54.229136,FR0014007TY9,Corporate bond,DIRECTION GENERALE DU TRESOR,0,2025-02-25,5000000,EUR,98.3,PERC,,FMTS,FMTS,MTS,1,D2D,MTF,DBFTFB,400355
2022-05-02 08:06:20.670424,FR0014007TY9,Corporate bond,DIRECTION GENERALE DU TRESOR,0,2025-02-25,5000000,EUR,98.27,PERC,,FMTS,FMTS,MTS,1,D2D,MTF,DBFTFB,400255
2022-04-29 15:28:12.738033,FR0014007TY9,Corporate bond,DIRECTION GENERALE DU TRESOR,0,2025-02-25,10000000,EUR,98.25,PERC,,FMTS,FMTS,MTS,1,D2D,MTF,DBFTFB,403705
2022-04-29 14:59:21.282007,FR0014007TY9,Corporate bond,DIRECTION GENERALE DU TRESOR,0,2025-02-25,10000000,EUR,98.3,PERC,,FMTS,FMTS,MTS,1,D2D,MTF,DBFTFB,403563
2022-04-29 14:22:47.973553,FR0014007TY9,Corporate bond,DIRECTION GENERALE DU TRESOR,0,2025-02-25,10000000,EUR,98.3,PERC,,FMTS,FMTS,MTS,1,D2D,MTF,DBFTFB,403367
2022-04-29 14:05:15.927049,FR0014007TY9,Corporate bond,DIRECTION GENERALE DU TRESOR,0,2025-02-25,10000000,EUR,98.28,PERC,,FMTS,FMTS,MTS,1,D2D,MTF,DBFTFB,403319
2022-04-29 11:00:39.309862,FR0014007TY9,Corporate bond,DIRECTION GENERALE DU TRESOR,0,2025-02-25,5000000,EUR,98.3,PERC,,FMTS,FMTS,MTS,1,D2D,MTF,DBFTFB,401712
2022-04-28 11:15:25.140319,FR0014007TY9,Corporate bond,DIRECTION GENERALE DU TRESOR,0,2025-02-25,10000000,EUR,98.62,PERC,,FMTS,FMTS,MTS,1,D2D,MTF,DBFTFB,401606
2022-04-28 11:14:55.787549,FR0014007TY9,Corporate bond,DIRECTION GENERALE DU TRESOR,0,2025-02-25,10000000,EUR,98.62,PERC,,FMTS,FMTS,MTS,1,D2D,MTF,DBFTFB,401605
2022-04-28 11:13:35.020110,FR0014007TY9,Corporate bond,DIRECTION GENERALE DU TRESOR,0,2025-02-25,10000000,EUR,98.64,PERC,,FMTS,FMTS,MTS,1,D2D,MTF,DBFTFB,401603
2022-04-28 11:13:35.010179,FR0014007TY9,Corporate bond,DIRECTION GENERALE DU TRESOR,0,2025-02-25,10000000,EUR,98.635,PERC,,FMTS,FMTS,MTS,1,D2D,MTF,DBFTFB,401602
2022-04-28 11:13:34.997080,FR0014007TY9,Corporate bond,DIRECTION GENERALE DU TRESOR,0,2025-02-25,10000000,EUR,98.625,PERC,,FMTS,FMTS,MTS,1,D2D,MTF,DBFTFB,401601
2022-04-28 11:13:34.985390,FR0014007TY9,Corporate bond,DIRECTION GENERALE DU TRESOR,0,2025-02-25,10000000,EUR,98.625,PERC,,FMTS,FMTS,MTS,1,D2D,MTF,DBFTFB,401600
2022-04-26 14:42:56.534766,FR0014007TY9,Corporate bond,DIRECTION GENERALE DU TRESOR,0,2025-02-25,5000000,EUR,98.565,PERC,,FMTS,FMTS,MTS,1,D2D,MTF,DBFTFB,403076
2022-04-26 08:12:58.455322,FR0014007TY9,Corporate bond,DIRECTION GENERALE DU TRESOR,0,2025-02-25,10000000,EUR,98.48,PERC,,FMTS,FMTS,MTS,1,D2D,MTF,DBFTFB,400348
2022-04-25 14:53:29.508128,FR0014007TY9,Corporate bond,DIRECTION GENERALE DU TRESOR,0,2025-02-25,10000000,EUR,98.44,PERC,,FMTS,FMTS,MTS,1,D2D,MTF,DBFTFB,403208
2022-04-25 07:42:19.608419,FR0014007TY9,Corporate bond,DIRECTION GENERALE DU TRESOR,0,2025-02-25,10000000,EUR,98.32,PERC,,FMTS,FMTS,MTS,1,D2D,MTF,DBFTFB,400345
2022-04-25 07:25:17.095610,FR0014007TY9,Corporate bond,DIRECTION GENERALE DU TRESOR,0,2025-02-25,10000000,EUR,98.335,PERC,,FMTS,FMTS,MTS,1,D2D,MTF,DBFTFB,400177
2022-04-22 14:08:13.175073,FR0014007TY9,Corporate bond,DIRECTION GENERALE DU TRESOR,0,2025-02-25,10000000,EUR,98.205,PERC,,FMTS,FMTS,MTS,1,D2D,MTF,DBFTFB,403507
2022-04-22 10:00:26.481299,FR0014007TY9,Corporate bond,DIRECTION GENERALE DU TRESOR,0,2025-02-25,10000000,EUR,98.21,PERC,,FMTS,FMTS,MTS,1,D2D,MTF,DBFTFB,401539
2022-04-22 09:57:28.641416,FR0014007TY9,Corporate bond,DIRECTION GENERALE DU TRESOR,0,2025-02-25,10000000,EUR,98.21,PERC,,FMTS,FMTS,MTS,1,D2D,MTF,DBFTFB,401495
2022-04-22 09:57:28.633711,FR0014007TY9,Corporate bond,DIRECTION GENERALE DU TRESOR,0,2025-02-25,10000000,EUR,98.21,PERC,,FMTS,FMTS,MTS,1,D2D,MTF,DBFTFB,401494
2022-04-22 09:57:28.621938,FR0014007TY9,Corporate bond,DIRECTION GENERALE DU TRESOR,0,2025-02-25,10000000,EUR,98.21,PERC,,FMTS,FMTS,MTS,1,D2D,MTF,DBFTFB,401493
2022-04-22 09:57:28.612848,FR0014007TY9,Corporate bond,DIRECTION GENERALE DU TRESOR,0,2025-02-25,10000000,EUR,98.21,PERC,,FMTS,FMTS,MTS,1,D2D,MTF,DBFTFB,401492
2022-04-22 09:55:42.237614,FR0014007TY9,Corporate bond,DIRECTION GENERALE DU TRESOR,0,2025-02-25,10000000,EUR,98.21,PERC,,FMTS,FMTS,MTS,1,D2D,MTF,DBFTFB,401481
2022-04-22 09:55:36.365345,FR0014007TY9,Corporate bond,DIRECTION GENERALE DU TRESOR,0,2025-02-25,10000000,EUR,98.21,PERC,,FMTS,FMTS,MTS,1,D2D,MTF,DBFTFB,401480
2022-04-22 09:55:20.227444,FR0014007TY9,Corporate bond,DIRECTION GENERALE DU TRESOR,0,2025-02-25,10000000,EUR,98.21,PERC,,FMTS,FMTS,MTS,1,D2D,MTF,DBFTFB,401479
2022-04-22 09:55:12.374062,FR0014007TY9,Corporate bond,DIRECTION GENERALE DU TRESOR,0,2025-02-25,10000000,EUR,98.21,PERC,,FMTS,FMTS,MTS,1,D2D,MTF,DBFTFB,401478
2022-04-22 09:55:02.925367,FR0014007TY9,Corporate bond,DIRECTION GENERALE DU TRESOR,0,2025-02-25,10000000,EUR,98.21,PERC,,FMTS,FMTS,MTS,1,D2D,MTF,DBFTFB,401477
2022-04-22 09:53:07.327544,FR0014007TY9,Corporate bond,DIRECTION GENERALE DU TRESOR,0,2025-02-25,10000000,EUR,98.21,PERC,,FMTS,FMTS,MTS,1,D2D,MTF,DBFTFB,401465
2022-04-21 12:06:15.844295,FR0014007TY9,Corporate bond,DIRECTION GENERALE DU TRESOR,0,2025-02-25,10000000,EUR,98.525,PERC,,FMTS,FMTS,MTS,1,D2D,MTF,DBFTFB,401774
2022-04-21 12:06:00.249176,FR0014007TY9,Corporate bond,DIRECTION GENERALE DU TRESOR,0,2025-02-25,5000000,EUR,98.52,PERC,,FMTS,FMTS,MTS,1,D2D,MTF,DBFTFB,401773
2022-04-21 11:28:19.161322,FR0014007TY9,Corporate bond,DIRECTION GENERALE DU TRESOR,0,2025-02-25,10000000,EUR,98.49,PERC,,FMTS,FMTS,MTS,1,D2D,MTF,DBFTFB,401574
2022-04-21 11:09:15.094401,FR0014007TY9,Corporate bond,DIRECTION GENERALE DU TRESOR,0,2025-02-25,10000000,EUR,98.475,PERC,,FMTS,FMTS,MTS,1,D2D,MTF,DBFTFB,401492
2022-04-21 11:04:25.093256,FR0014007TY9,Corporate bond,DIRECTION GENERALE DU TRESOR,0,2025-02-25,5000000,EUR,98.48,PERC,,FMTS,FMTS,MTS,1,D2D,MTF,DBFTFB,401457
2022-04-21 09:39:58.831058,FR0014007TY9,Corporate bond,DIRECTION GENERALE DU TRESOR,0,2025-02-25,10000000,EUR,98.46,PERC,,FMTS,FMTS,MTS,1,D2D,MTF,DBFTFB,401002
2022-04-21 09:28:16.935632,FR0014007TY9,Corporate bond,DIRECTION GENERALE DU TRESOR,0,2025-02-25,10000000,EUR,98.44,PERC,,FMTS,FMTS,MTS,1,D2D,MTF,DBFTFB,400945
2022-04-21 08:46:12.186283,FR0014007TY9,Corporate bond,DIRECTION GENERALE DU TRESOR,0,2025-02-25,10000000,EUR,98.345,PERC,,FMTS,FMTS,MTS,1,D2D,MTF,DBFTFB,400697
2022-04-21 08:33:40.217444,FR0014007TY9,Corporate bond,DIRECTION GENERALE DU TRESOR,0,2025-02-25,10000000,EUR,98.365,PERC,,FMTS,FMTS,MTS,1,D2D,MTF,DBFTFB,400644
2022-04-21 08:32:10.724428,FR0014007TY9,Corporate bond,DIRECTION GENERALE DU TRESOR,0,2025-02-25,10000000,EUR,98.36,PERC,,FMTS,FMTS,MTS,1,D2D,MTF,DBFTFB,400630
2022-04-21 07:59:36.773832,FR0014007TY9,Corporate bond,DIRECTION GENERALE DU TRESOR,0,2025-02-25,10000000,EUR,98.375,PERC,,FMTS,FMTS,MTS,1,D2D,MTF,DBFTFB,400404
2022-04-20 14:08:36.553845,FR0014007TY9,Corporate bond,DIRECTION GENERALE DU TRESOR,0,2025-02-25,10000000,EUR,98.63,PERC,,FMTS,FMTS,MTS,1,D2D,MTF,DBFTFB,403204
2022-04-20 13:33:31.447819,FR0014007TY9,Corporate bond,DIRECTION GENERALE DU TRESOR,0,2025-02-25,10000000,EUR,98.595,PERC,,FMTS,FMTS,MTS,1,D2D,MTF,DBFTFB,402896
2022-04-20 13:10:47.573244,FR0014007TY9,Corporate bond,DIRECTION GENERALE DU TRESOR,0,2025-02-25,5000000,EUR,98.645,PERC,,FMTS,FMTS,MTS,1,D2D,MTF,DBFTFB,402674
2022-04-20 13:10:44.577948,FR0014007TY9,Corporate bond,DIRECTION GENERALE DU TRESOR,0,2025-02-25,5000000,EUR,98.64,PERC,,FMTS,FMTS,MTS,1,D2D,MTF,DBFTFB,402667
2022-04-20 11:12:32.447437,FR0014007TY9,Corporate bond,DIRECTION GENERALE DU TRESOR,0,2025-02-25,10000000,EUR,98.69,PERC,,FMTS,FMTS,MTS,1,D2D,MTF,DBFTFB,402181
2022-04-20 10:19:32.971353,FR0014007TY9,Corporate bond,DIRECTION GENERALE DU TRESOR,0,2025-02-25,10000000,EUR,98.705,PERC,,FMTS,FMTS,MTS,1,D2D,MTF,DBFTFB,401887
2022-04-19 15:20:04.012167,FR0014007TY9,Corporate bond,DIRECTION GENERALE DU TRESOR,0,2025-02-25,5000000,EUR,98.62,PERC,,FMTS,FMTS,MTS,1,D2D,MTF,DBFTFB,403006
2022-04-19 15:18:11.674379,FR0014007TY9,Corporate bond,DIRECTION GENERALE DU TRESOR,0,2025-02-25,5000000,EUR,98.615,PERC,,FMTS,FMTS,MTS,1,D2D,MTF,DBFTFB,403002
2022-04-19 15:14:55.608642,FR0014007TY9,Corporate bond,DIRECTION GENERALE DU TRESOR,0,2025-02-25,5000000,EUR,98.6,PERC,,FMTS,FMTS,MTS,1,D2D,MTF,DBFTFB,402990
2022-04-19 15:14:52.607831,FR0014007TY9,Corporate bond,DIRECTION GENERALE DU TRESOR,0,2025-02-25,5000000,EUR,98.6,PERC,,FMTS,FMTS,MTS,1,D2D,MTF,DBFTFB,402989
2022-04-19 15:14:49.607739,FR0014007TY9,Corporate bond,DIRECTION GENERALE DU TRESOR,0,2025-02-25,5000000,EUR,98.6,PERC,,FMTS,FMTS,MTS,1,D2D,MTF,DBFTFB,402988
2022-04-19 15:13:47.076240,FR0014007TY9,Corporate bond,DIRECTION GENERALE DU TRESOR,0,2025-02-25,10000000,EUR,98.6,PERC,,FMTS,FMTS,MTS,1,D2D,MTF,DBFTFB,402986
2022-04-19 15:13:10.745795,FR0014007TY9,Corporate bond,DIRECTION GENERALE DU TRESOR,0,2025-02-25,10000000,EUR,98.595,PERC,,FMTS,FMTS,MTS,1,D2D,MTF,DBFTFB,402982
2022-04-19 15:13:08.949344,FR0014007TY9,Corporate bond,DIRECTION GENERALE DU TRESOR,0,2025-02-25,10000000,EUR,98.595,PERC,,FMTS,FMTS,MTS,1,D2D,MTF,DBFTFB,402981
2022-04-19 15:12:35.545167,FR0014007TY9,Corporate bond,DIRECTION GENERALE DU TRESOR,0,2025-02-25,10000000,EUR,98.6,PERC,,FMTS,FMTS,MTS,1,D2D,MTF,DBFTFB,402966
2022-04-19 15:11:51.087002,FR0014007TY9,Corporate bond,DIRECTION GENERALE DU TRESOR,0,2025-02-25,10000000,EUR,98.6,PERC,,FMTS,FMTS,MTS,1,D2D,MTF,DBFTFB,402963
2022-04-19 15:09:28.267842,FR0014007TY9,Corporate bond,DIRECTION GENERALE DU TRESOR,0,2025-02-25,5000000,EUR,98.6,PERC,,FMTS,FMTS,MTS,1,D2D,MTF,DBFTFB,402954
2022-04-19 15:07:50.567924,FR0014007TY9,Corporate bond,DIRECTION GENERALE DU TRESOR,0,2025-02-25,5000000,EUR,98.6,PERC,,FMTS,FMTS,MTS,1,D2D,MTF,DBFTFB,402953
2022-04-19 15:07:36.496913,FR0014007TY9,Corporate bond,DIRECTION GENERALE DU TRESOR,0,2025-02-25,10000000,EUR,98.6,PERC,,FMTS,FMTS,MTS,1,D2D,MTF,DBFTFB,402952
2022-04-19 15:06:29.093519,FR0014007TY9,Corporate bond,DIRECTION GENERALE DU TRESOR,0,2025-02-25,5000000,EUR,98.6,PERC,,FMTS,FMTS,MTS,1,D2D,MTF,DBFTFB,402947
2022-04-19 15:06:26.094667,FR0014007TY9,Corporate bond,DIRECTION GENERALE DU TRESOR,0,2025-02-25,5000000,EUR,98.6,PERC,,FMTS,FMTS,MTS,1,D2D,MTF,DBFTFB,402946
2022-04-19 14:53:41.867778,FR0014007TY9,Corporate bond,DIRECTION GENERALE DU TRESOR,0,2025-02-25,10000000,EUR,98.595,PERC,,FMTS,FMTS,MTS,1,D2D,MTF,DBFTFB,402867
2022-04-19 14:07:29.572524,FR0014007TY9,Corporate bond,DIRECTION GENERALE DU TRESOR,0,2025-02-25,10000000,EUR,98.565,PERC,,FMTS,FMTS,MTS,1,D2D,MTF,DBFTFB,402669
2022-04-19 12:16:14.964868,FR0014007TY9,Corporate bond,DIRECTION GENERALE DU TRESOR,0,2025-02-25,10000000,EUR,98.61,PERC,,FMTS,FMTS,MTS,1,D2D,MTF,DBFTFB,401811
2022-04-19 12:07:11.400771,FR0014007TY9,Corporate bond,DIRECTION GENERALE DU TRESOR,0,2025-02-25,10000000,EUR,98.615,PERC,,FMTS,FMTS,MTS,1,D2D,MTF,DBFTFB,401748
2022-04-19 09:57:34.638897,FR0014007TY9,Corporate bond,DIRECTION GENERALE DU TRESOR,0,2025-02-25,5000000,EUR,98.58,PERC,,FMTS,FMTS,MTS,1,D2D,MTF,DBFTFB,400791
2022-04-11 15:18:29.161126,FR0014007TY9,Corporate bond,DIRECTION GENERALE DU TRESOR,0,2025-02-25,10000000,EUR,98.44,PERC,,FMTS,FMTS,MTS,1,D2D,MTF,DBFTFB,403105
2022-04-08 11:38:59.036694,FR0014007TY9,Corporate bond,DIRECTION GENERALE DU TRESOR,0,2025-02-25,5000000,EUR,98.68,PERC,,FMTS,FMTS,MTS,1,D2D,MTF,DBFTFB,401390
2022-04-07 09:20:50.356053,FR0014007TY9,Corporate bond,DIRECTION GENERALE DU TRESOR,0,2025-02-25,10000000,EUR,99,PERC,,FMTS,FMTS,MTS,1,D2D,MTF,DBFTFB,400865
2022-04-06 13:03:37.305861,FR0014007TY9,Corporate bond,DIRECTION GENERALE DU TRESOR,0,2025-02-25,10000000,EUR,98.775,PERC,,FMTS,FMTS,MTS,1,D2D,MTF,DBFTFB,402463
2022-04-06 13:03:37.289798,FR0014007TY9,Corporate bond,DIRECTION GENERALE DU TRESOR,0,2025-02-25,10000000,EUR,98.775,PERC,,FMTS,FMTS,MTS,1,D2D,MTF,DBFTFB,402462
2022-04-06 13:03:37.278223,FR0014007TY9,Corporate bond,DIRECTION GENERALE DU TRESOR,0,2025-02-25,10000000,EUR,98.77,PERC,,FMTS,FMTS,MTS,1,D2D,MTF,DBFTFB,402461
2022-04-06 13:03:37.270899,FR0014007TY9,Corporate bond,DIRECTION GENERALE DU TRESOR,0,2025-02-25,10000000,EUR,98.77,PERC,,FMTS,FMTS,MTS,1,D2D,MTF,DBFTFB,402460
2022-04-05 12:48:42.041112,FR0014007TY9,Corporate bond,DIRECTION GENERALE DU TRESOR,0,2025-02-25,10000000,EUR,98.875,PERC,,FMTS,FMTS,MTS,1,D2D,MTF,DBFTFB,402606
2022-04-05 12:08:33.777337,FR0014007TY9,Corporate bond,DIRECTION GENERALE DU TRESOR,0,2025-02-25,10000000,EUR,98.88,PERC,,FMTS,FMTS,MTS,1,D2D,MTF,DBFTFB,402285
2022-04-05 12:08:33.770695,FR0014007TY9,Corporate bond,DIRECTION GENERALE DU TRESOR,0,2025-02-25,10000000,EUR,98.88,PERC,,FMTS,FMTS,MTS,1,D2D,MTF,DBFTFB,402284
2022-04-05 10:30:56.228304,FR0014007TY9,Corporate bond,DIRECTION GENERALE DU TRESOR,0,2025-02-25,10000000,EUR,98.93,PERC,,FMTS,FMTS,MTS,1,D2D,MTF,DBFTFB,401786
2022-04-05 10:30:56.221883,FR0014007TY9,Corporate bond,DIRECTION GENERALE DU TRESOR,0,2025-02-25,10000000,EUR,98.93,PERC,,FMTS,FMTS,MTS,1,D2D,MTF,DBFTFB,401785
2022-04-05 10:05:20.469679,FR0014007TY9,Corporate bond,DIRECTION GENERALE DU TRESOR,0,2025-02-25,5000000,EUR,98.935,PERC,,FMTS,FMTS,MTS,1,D2D,MTF,DBFTFB,401656
2022-04-05 09:53:56.236860,FR0014007TY9,Corporate bond,DIRECTION GENERALE DU TRESOR,0,2025-02-25,10000000,EUR,98.935,PERC,,FMTS,FMTS,MTS,1,D2D,MTF,DBFTFB,401445
2022-04-05 09:47:16.221601,FR0014007TY9,Corporate bond,DIRECTION GENERALE DU TRESOR,0,2025-02-25,10000000,EUR,98.96,PERC,,FMTS,FMTS,MTS,1,D2D,MTF,DBFTFB,401326
2022-04-05 09:45:55.205298,FR0014007TY9,Corporate bond,DIRECTION GENERALE DU TRESOR,0,2025-02-25,10000000,EUR,98.975,PERC,,FMTS,FMTS,MTS,1,D2D,MTF,DBFTFB,401312
2022-04-05 09:04:49.105331,FR0014007TY9,Corporate bond,DIRECTION GENERALE DU TRESOR,0,2025-02-25,5000000,EUR,99.02,PERC,,FMTS,FMTS,MTS,1,D2D,MTF,DBFTFB,400893
2022-04-05 09:04:49.045216,FR0014007TY9,Corporate bond,DIRECTION GENERALE DU TRESOR,0,2025-02-25,5000000,EUR,99.02,PERC,,FMTS,FMTS,MTS,1,D2D,MTF,DBFTFB,400892
2022-04-05 09:03:43.581133,FR0014007TY9,Corporate bond,DIRECTION GENERALE DU TRESOR,0,2025-02-25,10000000,EUR,99.01,PERC,,FMTS,FMTS,MTS,1,D2D,MTF,DBFTFB,400891
2022-04-05 09:02:43.758511,FR0014007TY9,Corporate bond,DIRECTION GENERALE DU TRESOR,0,2025-02-25,5000000,EUR,99.02,PERC,,FMTS,FMTS,MTS,1,D2D,MTF,DBFTFB,400890
2022-04-05 09:02:38.841066,FR0014007TY9,Corporate bond,DIRECTION GENERALE DU TRESOR,0,2025-02-25,10000000,EUR,99.015,PERC,,FMTS,FMTS,MTS,1,D2D,MTF,DBFTFB,400889
2022-04-05 09:02:38.831960,FR0014007TY9,Corporate bond,DIRECTION GENERALE DU TRESOR,0,2025-02-25,10000000,EUR,99.015,PERC,,FMTS,FMTS,MTS,1,D2D,MTF,DBFTFB,400888
2022-04-05 09:02:08.802796,FR0014007TY9,Corporate bond,DIRECTION GENERALE DU TRESOR,0,2025-02-25,5000000,EUR,99.01,PERC,,FMTS,FMTS,MTS,1,D2D,MTF,DBFTFB,400887
2022-04-04 14:43:48.202017,FR0014007TY9,Corporate bond,DIRECTION GENERALE DU TRESOR,0,2025-02-25,10000000,EUR,99.065,PERC,,FMTS,FMTS,MTS,1,D2D,MTF,DBFTFB,402318
2022-04-01 09:40:46.151565,FR0014007TY9,Corporate bond,DIRECTION GENERALE DU TRESOR,0,2025-02-25,5000000,EUR,99.08,PERC,,FMTS,FMTS,MTS,1,D2D,MTF,DBFTFB,400831
2022-04-01 09:40:21.673884,FR0014007TY9,Corporate bond,DIRECTION GENERALE DU TRESOR,0,2025-02-25,5000000,EUR,99.08,PERC,,FMTS,FMTS,MTS,1,D2D,MTF,DBFTFB,400829
2022-04-01 09:40:13.780807,FR0014007TY9,Corporate bond,DIRECTION GENERALE DU TRESOR,0,2025-02-25,5000000,EUR,99.08,PERC,,FMTS,FMTS,MTS,1,D2D,MTF,DBFTFB,400827
2022-04-01 09:27:02.635805,FR0014007TY9,Corporate bond,DIRECTION GENERALE DU TRESOR,0,2025-02-25,10000000,EUR,99.08,PERC,,FMTS,FMTS,MTS,1,D2D,MTF,DBFTFB,400720
2022-04-01 08:03:03.557462,FR0014007TY9,Corporate bond,DIRECTION GENERALE DU TRESOR,0,2025-02-25,10000000,EUR,98.935,PERC,,FMTS,FMTS,MTS,1,D2D,MTF,DBFTFB,400253
2022-03-31 15:07:57.259910,FR0014007TY9,Corporate bond,DIRECTION GENERALE DU TRESOR,0,2025-02-25,10000000,EUR,99.215,PERC,,FMTS,FMTS,MTS,1,D2D,MTF,DBFTFB,403125
2022-03-31 15:07:46.222809,FR0014007TY9,Corporate bond,DIRECTION GENERALE DU TRESOR,0,2025-02-25,10000000,EUR,99.18,PERC,,FMTS,FMTS,MTS,1,D2D,MTF,DBFTFB,403123
2022-03-31 14:17:48.098759,FR0014007TY9,Corporate bond,DIRECTION GENERALE DU TRESOR,0,2025-02-25,10000000,EUR,99.08,PERC,,FMTS,FMTS,MTS,1,D2D,MTF,DBFTFB,402776
2022-03-31 12:37:51.916006,FR0014007TY9,Corporate bond,DIRECTION GENERALE DU TRESOR,0,2025-02-25,10000000,EUR,99.06,PERC,,FMTS,FMTS,MTS,1,D2D,MTF,DBFTFB,402182
2022-03-30 09:46:18.989657,FR0014007TY9,Corporate bond,DIRECTION GENERALE DU TRESOR,0,2025-02-25,7000000,EUR,98.96,PERC,,FMTS,FMTS,MTS,1,D2D,MTF,DBFTFB,401317
2022-03-30 09:45:11.340108,FR0014007TY9,Corporate bond,DIRECTION GENERALE DU TRESOR,0,2025-02-25,10000000,EUR,98.96,PERC,,FMTS,FMTS,MTS,1,D2D,MTF,DBFTFB,401305
2022-03-29 14:40:39.126822,FR0014007TY9,Corporate bond,DIRECTION GENERALE DU TRESOR,0,2025-02-25,5000000,EUR,99.11,PERC,,FMTS,FMTS,MTS,1,D2D,MTF,DBFTFB,403783
2022-03-29 14:04:03.347733,FR0014007TY9,Corporate bond,DIRECTION GENERALE DU TRESOR,0,2025-02-25,10000000,EUR,99.21,PERC,,FMTS,FMTS,MTS,1,D2D,MTF,DBFTFB,403535
2022-03-29 12:06:03.141324,FR0014007TY9,Corporate bond,DIRECTION GENERALE DU TRESOR,0,2025-02-25,10000000,EUR,99.025,PERC,,FMTS,FMTS,MTS,1,D2D,MTF,DBFTFB,402413
2022-03-25 14:14:04.550319,FR0014007TY9,Corporate bond,DIRECTION GENERALE DU TRESOR,0,2025-02-25,5000000,EUR,99.47,PERC,,FMTS,FMTS,MTS,1,D2D,MTF,DBFTFB,401715
2022-03-25 13:41:38.905610,FR0014007TY9,Corporate bond,DIRECTION GENERALE DU TRESOR,0,2025-02-25,5000000,EUR,99.435,PERC,,FMTS,FMTS,MTS,1,D2D,MTF,DBFTFB,401432
2022-03-23 11:39:47.777186,FR0014007TY9,Corporate bond,DIRECTION GENERALE DU TRESOR,0,2025-02-25,5000000,EUR,99.71,PERC,,FMTS,FMTS,MTS,1,D2D,MTF,DBFTFB,401193
2022-03-22 14:02:20.293739,FR0014007TY9,Corporate bond,DIRECTION GENERALE DU TRESOR,0,2025-02-25,10000000,EUR,99.645,PERC,,FMTS,FMTS,MTS,1,D2D,MTF,DBFTFB,401924
2022-03-22 14:00:46.710856,FR0014007TY9,Corporate bond,DIRECTION GENERALE DU TRESOR,0,2025-02-25,10000000,EUR,99.65,PERC,,FMTS,FMTS,MTS,1,D2D,MTF,DBFTFB,401909
2022-03-22 14:00:14.871353,FR0014007TY9,Corporate bond,DIRECTION GENERALE DU TRESOR,0,2025-02-25,10000000,EUR,99.655,PERC,,FMTS,FMTS,MTS,1,D2D,MTF,DBFTFB,401904
2022-03-22 13:59:58.806595,FR0014007TY9,Corporate bond,DIRECTION GENERALE DU TRESOR,0,2025-02-25,10000000,EUR,99.655,PERC,,FMTS,FMTS,MTS,1,D2D,MTF,DBFTFB,401903
2022-03-22 10:57:52.664964,FR0014007TY9,Corporate bond,DIRECTION GENERALE DU TRESOR,0,2025-02-25,10000000,EUR,99.725,PERC,,FMTS,FMTS,MTS,1,D2D,MTF,DBFTFB,401071
2022-03-22 10:50:39.151228,FR0014007TY9,Corporate bond,DIRECTION GENERALE DU TRESOR,0,2025-02-25,10000000,EUR,99.71,PERC,,FMTS,FMTS,MTS,1,D2D,MTF,DBFTFB,401040
2022-03-22 10:25:04.188781,FR0014007TY9,Corporate bond,DIRECTION GENERALE DU TRESOR,0,2025-02-25,10000000,EUR,99.73,PERC,,FMTS,FMTS,MTS,1,D2D,MTF,DBFTFB,400933
2022-03-22 10:25:04.079350,FR0014007TY9,Corporate bond,DIRECTION GENERALE DU TRESOR,0,2025-02-25,10000000,EUR,99.73,PERC,,FMTS,FMTS,MTS,1,D2D,MTF,DBFTFB,400932
2022-03-22 09:15:37.462052,FR0014007TY9,Corporate bond,DIRECTION GENERALE DU TRESOR,0,2025-02-25,10000000,EUR,99.7,PERC,,FMTS,FMTS,MTS,1,D2D,MTF,DBFTFB,400645
2022-03-22 09:15:32.826479,FR0014007TY9,Corporate bond,DIRECTION GENERALE DU TRESOR,0,2025-02-25,10000000,EUR,99.7,PERC,,FMTS,FMTS,MTS,1,D2D,MTF,DBFTFB,400644
2022-03-22 09:10:47.919575,FR0014007TY9,Corporate bond,DIRECTION GENERALE DU TRESOR,0,2025-02-25,10000000,EUR,99.725,PERC,,FMTS,FMTS,MTS,1,D2D,MTF,DBFTFB,400614
2022-03-22 09:10:47.759034,FR0014007TY9,Corporate bond,DIRECTION GENERALE DU TRESOR,0,2025-02-25,10000000,EUR,99.725,PERC,,FMTS,FMTS,MTS,1,D2D,MTF,DBFTFB,400612
2022-03-22 09:10:42.191831,FR0014007TY9,Corporate bond,DIRECTION GENERALE DU TRESOR,0,2025-02-25,10000000,EUR,99.725,PERC,,FMTS,FMTS,MTS,1,D2D,MTF,DBFTFB,400611
2022-03-22 09:10:32.062770,FR0014007TY9,Corporate bond,DIRECTION GENERALE DU TRESOR,0,2025-02-25,10000000,EUR,99.73,PERC,,FMTS,FMTS,MTS,1,D2D,MTF,DBFTFB,400609
2022-03-22 09:09:11.339946,FR0014007TY9,Corporate bond,DIRECTION GENERALE DU TRESOR,0,2025-02-25,10000000,EUR,99.73,PERC,,FMTS,FMTS,MTS,1,D2D,MTF,DBFTFB,400603
2022-03-22 09:09:04.819418,FR0014007TY9,Corporate bond,DIRECTION GENERALE DU TRESOR,0,2025-02-25,10000000,EUR,99.73,PERC,,FMTS,FMTS,MTS,1,D2D,MTF,DBFTFB,400602
2022-03-22 09:06:14.984833,FR0014007TY9,Corporate bond,DIRECTION GENERALE DU TRESOR,0,2025-02-25,10000000,EUR,99.72,PERC,,FMTS,FMTS,MTS,1,D2D,MTF,DBFTFB,400593
2022-03-17 09:56:33.132906,FR0014007TY9,Corporate bond,DIRECTION GENERALE DU TRESOR,0,2025-02-25,10000000,EUR,99.94,PERC,,FMTS,FMTS,MTS,1,D2D,MTF,DBFTFB,400633
2022-03-11 10:00:02.454945,FR0014007TY9,Corporate bond,DIRECTION GENERALE DU TRESOR,0,2025-02-25,10000000,EUR,100.22,PERC,,FMTS,FMTS,MTS,1,D2D,MTF,DBFTFB,400843
2022-03-11 10:00:02.432777,FR0014007TY9,Corporate bond,DIRECTION GENERALE DU TRESOR,0,2025-02-25,10000000,EUR,100.22,PERC,,FMTS,FMTS,MTS,1,D2D,MTF,DBFTFB,400842
2022-03-11 09:17:58.785958,FR0014007TY9,Corporate bond,DIRECTION GENERALE DU TRESOR,0,2025-02-25,10000000,EUR,100.21,PERC,,FMTS,FMTS,MTS,1,D2D,MTF,DBFTFB,400479
2022-03-10 09:12:34.302557,FR0014007TY9,Corporate bond,DIRECTION GENERALE DU TRESOR,0,2025-02-25,10000000,EUR,100.6,PERC,,FMTS,FMTS,MTS,1,D2D,MTF,DBFTFB,400491
2022-03-10 08:23:40.312004,FR0014007TY9,Corporate bond,DIRECTION GENERALE DU TRESOR,0,2025-02-25,10000000,EUR,100.605,PERC,,FMTS,FMTS,MTS,1,D2D,MTF,DBFTFB,400152
2022-03-09 10:44:51.681310,FR0014007TY9,Corporate bond,DIRECTION GENERALE DU TRESOR,0,2025-02-25,10000000,EUR,100.655,PERC,,FMTS,FMTS,MTS,1,D2D,MTF,DBFTFB,401004
2022-03-09 09:22:40.601829,FR0014007TY9,Corporate bond,DIRECTION GENERALE DU TRESOR,0,2025-02-25,10000000,EUR,100.72,PERC,,FMTS,FMTS,MTS,1,D2D,MTF,DBFTFB,400435
2022-03-07 16:06:52.562937,FR0014007TY9,Corporate bond,DIRECTION GENERALE DU TRESOR,0,2025-02-25,10000000,EUR,100.99,PERC,,FMTS,FMTS,MTS,1,D2D,MTF,DBFTFB,402701
2022-03-07 15:48:05.314995,FR0014007TY9,Corporate bond,DIRECTION GENERALE DU TRESOR,0,2025-02-25,10000000,EUR,101.005,PERC,,FMTS,FMTS,MTS,1,D2D,MTF,DBFTFB,402607
2022-03-07 12:06:58.790065,FR0014007TY9,Corporate bond,DIRECTION GENERALE DU TRESOR,0,2025-02-25,5000000,EUR,101.1,PERC,,FMTS,FMTS,MTS,1,D2D,MTF,DBFTFB,401260
2022-03-04 13:22:30.826324,FR0014007TY9,Corporate bond,DIRECTION GENERALE DU TRESOR,0,2025-02-25,10000000,EUR,101.05,PERC,,FMTS,FMTS,MTS,1,D2D,MTF,DBFTFB,401810
2022-03-03 11:54:34.785556,FR0014007TY9,Corporate bond,DIRECTION GENERALE DU TRESOR,0,2025-02-25,10000000,EUR,100.725,PERC,,FMTS,FMTS,MTS,1,D2D,MTF,DBFTFB,401440
2022-03-03 11:54:34.777939,FR0014007TY9,Corporate bond,DIRECTION GENERALE DU TRESOR,0,2025-02-25,10000000,EUR,100.725,PERC,,FMTS,FMTS,MTS,1,D2D,MTF,DBFTFB,401439
2022-03-02 08:38:46.172239,FR0014007TY9,Corporate bond,DIRECTION GENERALE DU TRESOR,0,2025-02-25,6000000,EUR,101.115,PERC,,FMTS,FMTS,MTS,1,D2D,MTF,DBFTFB,400230
2022-03-02 08:34:15.285542,FR0014007TY9,Corporate bond,DIRECTION GENERALE DU TRESOR,0,2025-02-25,10000000,EUR,101.195,PERC,,FMTS,FMTS,MTS,1,D2D,MTF,DBFTFB,400187
2022-03-01 09:54:54.128775,FR0014007TY9,Corporate bond,DIRECTION GENERALE DU TRESOR,0,2025-02-25,5000000,EUR,100.885,PERC,,FMTS,FMTS,MTS,1,D2D,MTF,DBFTFB,400871
2022-02-25 08:31:26.096077,FR0014007TY9,Corporate bond,DIRECTION GENERALE DU TRESOR,0,2025-02-25,10000000,EUR,100.235,PERC,,FMTS,FMTS,MTS,1,D2D,MTF,DBFTFB,400077
2022-02-24 16:07:01.730970,FR0014007TY9,Corporate bond,DIRECTION GENERALE DU TRESOR,0,2025-02-25,10000000,EUR,100.27,PERC,,FMTS,FMTS,MTS,1,D2D,MTF,DBFTFB,402340
2022-02-18 14:26:24.214785,FR0014007TY9,Corporate bond,DIRECTION GENERALE DU TRESOR,0,2025-02-25,10000000,EUR,100.44,PERC,,FMTS,FMTS,MTS,1,D2D,MTF,DBFTFB,402447
2022-02-18 08:35:32.166268,FR0014007TY9,Corporate bond,DIRECTION GENERALE DU TRESOR,0,2025-02-25,10000000,EUR,100.36,PERC,,FMTS,FMTS,MTS,1,D2D,MTF,DBFTFB,400197
2022-02-18 08:17:50.074089,FR0014007TY9,Corporate bond,DIRECTION GENERALE DU TRESOR,0,2025-02-25,10000000,EUR,100.36,PERC,,FMTS,FMTS,MTS,1,D2D,MTF,DBFTFB,400074
2022-02-17 15:14:10.096465,FR0014007TY9,Corporate bond,DIRECTION GENERALE DU TRESOR,0,2025-02-25,10000000,EUR,100.31,PERC,,FMTS,FMTS,MTS,1,D2D,MTF,DBFTFB,403948
2022-02-17 15:13:28.637182,FR0014007TY9,Corporate bond,DIRECTION GENERALE DU TRESOR,0,2025-02-25,10000000,EUR,100.32,PERC,,FMTS,FMTS,MTS,1,D2D,MTF,DBFTFB,403938
2022-02-17 14:42:59.668880,FR0014007TY9,Corporate bond,DIRECTION GENERALE DU TRESOR,0,2025-02-25,10000000,EUR,100.26,PERC,,FMTS,FMTS,MTS,1,D2D,MTF,DBFTFB,403572
2022-02-17 14:35:21.690689,FR0014007TY9,Corporate bond,DIRECTION GENERALE DU TRESOR,0,2025-02-25,10000000,EUR,100.26,PERC,,FMTS,FMTS,MTS,1,D2D,MTF,DBFTFB,403490
2022-02-17 14:35:07.123114,FR0014007TY9,Corporate bond,DIRECTION GENERALE DU TRESOR,0,2025-02-25,10000000,EUR,100.25,PERC,,FMTS,FMTS,MTS,1,D2D,MTF,DBFTFB,403489
2022-02-17 13:42:43.073351,FR0014007TY9,Corporate bond,DIRECTION GENERALE DU TRESOR,0,2025-02-25,10000000,EUR,100.25,PERC,,FMTS,FMTS,MTS,1,D2D,MTF,DBFTFB,403166
2022-02-17 13:41:32.974016,FR0014007TY9,Corporate bond,DIRECTION GENERALE DU TRESOR,0,2025-02-25,10000000,EUR,100.25,PERC,,FMTS,FMTS,MTS,1,D2D,MTF,DBFTFB,403162
2022-02-17 12:46:56.151317,FR0014007TY9,Corporate bond,DIRECTION GENERALE DU TRESOR,0,2025-02-25,10000000,EUR,100.24,PERC,,FMTS,FMTS,MTS,1,D2D,MTF,DBFTFB,402757
2022-02-17 11:02:58.563023,FR0014007TY9,Corporate bond,DIRECTION GENERALE DU TRESOR,0,2025-02-25,10000000,EUR,100.23,PERC,,FMTS,FMTS,MTS,1,D2D,MTF,DBFTFB,401914
2022-02-17 09:45:38.743564,FR0014007TY9,Corporate bond,DIRECTION GENERALE DU TRESOR,0,2025-02-25,10000000,EUR,100.2,PERC,,FMTS,FMTS,MTS,1,D2D,MTF,DBFTFB,401291
2022-02-17 09:45:38.735256,FR0014007TY9,Corporate bond,DIRECTION GENERALE DU TRESOR,0,2025-02-25,10000000,EUR,100.2,PERC,,FMTS,FMTS,MTS,1,D2D,MTF,DBFTFB,401290
2022-02-17 09:35:21.031258,FR0014007TY9,Corporate bond,DIRECTION GENERALE DU TRESOR,0,2025-02-25,10000000,EUR,100.22,PERC,,FMTS,FMTS,MTS,1,D2D,MTF,DBFTFB,401157
2022-02-17 09:33:57.986922,FR0014007TY9,Corporate bond,DIRECTION GENERALE DU TRESOR,0,2025-02-25,10000000,EUR,100.22,PERC,,FMTS,FMTS,MTS,1,D2D,MTF,DBFTFB,401154
2022-02-17 09:00:11.378540,FR0014007TY9,Corporate bond,DIRECTION GENERALE DU TRESOR,0,2025-02-25,10000000,EUR,100.24,PERC,,FMTS,FMTS,MTS,1,D2D,MTF,DBFTFB,400785
2022-02-17 08:06:30.414254,FR0014007TY9,Corporate bond,DIRECTION GENERALE DU TRESOR,0,2025-02-25,10000000,EUR,100.21,PERC,,FMTS,FMTS,MTS,1,D2D,MTF,DBFTFB,400097
2022-02-16 13:47:54.216021,FR0014007TY9,Corporate bond,DIRECTION GENERALE DU TRESOR,0,2025-02-25,10000000,EUR,100.2,PERC,,FMTS,FMTS,MTS,1,D2D,MTF,DBFTFB,402622
2022-02-16 10:34:12.849786,FR0014007TY9,Corporate bond,DIRECTION GENERALE DU TRESOR,0,2025-02-25,10000000,EUR,100.15,PERC,,FMTS,FMTS,MTS,1,D2D,MTF,DBFTFB,401181
2022-02-16 10:03:13.027301,FR0014007TY9,Corporate bond,DIRECTION GENERALE DU TRESOR,0,2025-02-25,10000000,EUR,100.14,PERC,,FMTS,FMTS,MTS,1,D2D,MTF,DBFTFB,400990
2022-02-16 09:37:45.949363,FR0014007TY9,Corporate bond,DIRECTION GENERALE DU TRESOR,0,2025-02-25,10000000,EUR,100.11,PERC,,FMTS,FMTS,MTS,1,D2D,MTF,DBFTFB,400774
2022-02-16 09:36:54.596146,FR0014007TY9,Corporate bond,DIRECTION GENERALE DU TRESOR,0,2025-02-25,10000000,EUR,100.12,PERC,,FMTS,FMTS,MTS,1,D2D,MTF,DBFTFB,400773
2022-02-16 08:59:54.613457,FR0014007TY9,Corporate bond,DIRECTION GENERALE DU TRESOR,0,2025-02-25,10000000,EUR,100.1,PERC,,FMTS,FMTS,MTS,1,D2D,MTF,DBFTFB,400305
2022-02-16 08:59:54.596432,FR0014007TY9,Corporate bond,DIRECTION GENERALE DU TRESOR,0,2025-02-25,10000000,EUR,100.1,PERC,,FMTS,FMTS,MTS,1,D2D,MTF,DBFTFB,400304
2022-02-15 11:22:45.609231,FR0014007TY9,Corporate bond,DIRECTION GENERALE DU TRESOR,0,2025-02-25,10000000,EUR,100.1,PERC,,FMTS,FMTS,MTS,1,D2D,MTF,DBFTFB,401551
2022-02-15 11:21:01.494534,FR0014007TY9,Corporate bond,DIRECTION GENERALE DU TRESOR,0,2025-02-25,10000000,EUR,100.1,PERC,,FMTS,FMTS,MTS,1,D2D,MTF,DBFTFB,401531
2022-02-15 11:20:29.570259,FR0014007TY9,Corporate bond,DIRECTION GENERALE DU TRESOR,0,2025-02-25,10000000,EUR,100.1,PERC,,FMTS,FMTS,MTS,1,D2D,MTF,DBFTFB,401530
2022-02-15 11:20:07.948190,FR0014007TY9,Corporate bond,DIRECTION GENERALE DU TRESOR,0,2025-02-25,10000000,EUR,100.1,PERC,,FMTS,FMTS,MTS,1,D2D,MTF,DBFTFB,401527
2022-02-15 11:20:07.923827,FR0014007TY9,Corporate bond,DIRECTION GENERALE DU TRESOR,0,2025-02-25,10000000,EUR,100.1,PERC,,FMTS,FMTS,MTS,1,D2D,MTF,DBFTFB,401526
2022-02-15 11:20:07.907026,FR0014007TY9,Corporate bond,DIRECTION GENERALE DU TRESOR,0,2025-02-25,10000000,EUR,100.1,PERC,,FMTS,FMTS,MTS,1,D2D,MTF,DBFTFB,401525
2022-02-15 11:20:07.902256,FR0014007TY9,Corporate bond,DIRECTION GENERALE DU TRESOR,0,2025-02-25,10000000,EUR,100.1,PERC,,FMTS,FMTS,MTS,1,D2D,MTF,DBFTFB,401524
2022-02-15 11:20:07.895104,FR0014007TY9,Corporate bond,DIRECTION GENERALE DU TRESOR,0,2025-02-25,10000000,EUR,100.1,PERC,,FMTS,FMTS,MTS,1,D2D,MTF,DBFTFB,401523
2022-02-15 11:20:07.874336,FR0014007TY9,Corporate bond,DIRECTION GENERALE DU TRESOR,0,2025-02-25,10000000,EUR,100.1,PERC,,FMTS,FMTS,MTS,1,D2D,MTF,DBFTFB,401522
2022-02-15 11:20:07.862004,FR0014007TY9,Corporate bond,DIRECTION GENERALE DU TRESOR,0,2025-02-25,10000000,EUR,100.1,PERC,,FMTS,FMTS,MTS,1,D2D,MTF,DBFTFB,401521
2022-02-15 11:20:07.850706,FR0014007TY9,Corporate bond,DIRECTION GENERALE DU TRESOR,0,2025-02-25,10000000,EUR,100.1,PERC,,FMTS,FMTS,MTS,1,D2D,MTF,DBFTFB,401520
2022-02-15 11:20:07.838031,FR0014007TY9,Corporate bond,DIRECTION GENERALE DU TRESOR,0,2025-02-25,10000000,EUR,100.1,PERC,,FMTS,FMTS,MTS,1,D2D,MTF,DBFTFB,401519
2022-02-15 11:20:03.955398,FR0014007TY9,Corporate bond,DIRECTION GENERALE DU TRESOR,0,2025-02-25,10000000,EUR,100.1,PERC,,FMTS,FMTS,MTS,1,D2D,MTF,DBFTFB,401518
2022-02-15 11:19:07.917421,FR0014007TY9,Corporate bond,DIRECTION GENERALE DU TRESOR,0,2025-02-25,10000000,EUR,100.1,PERC,,FMTS,FMTS,MTS,1,D2D,MTF,DBFTFB,401513
2022-02-15 11:19:00.364927,FR0014007TY9,Corporate bond,DIRECTION GENERALE DU TRESOR,0,2025-02-25,10000000,EUR,100.1,PERC,,FMTS,FMTS,MTS,1,D2D,MTF,DBFTFB,401512
2022-02-14 12:43:52.048339,FR0014007TY9,Corporate bond,DIRECTION GENERALE DU TRESOR,0,2025-02-25,10000000,EUR,100.21,PERC,,FMTS,FMTS,MTS,1,D2D,MTF,DBFTFB,401830
2022-02-11 15:56:36.407828,FR0014007TY9,Corporate bond,DIRECTION GENERALE DU TRESOR,0,2025-02-25,10000000,EUR,100.08,PERC,,FMTS,FMTS,MTS,1,D2D,MTF,DBFTFB,402918
2022-02-10 09:12:18.151040,FR0014007TY9,Corporate bond,DIRECTION GENERALE DU TRESOR,0,2025-02-25,10000000,EUR,100.14,PERC,,FMTS,FMTS,MTS,1,D2D,MTF,DBFTFB,400480
2022-02-09 15:56:00.084438,FR0014007TY9,Corporate bond,DIRECTION GENERALE DU TRESOR,0,2025-02-25,7000000,EUR,100.19,PERC,,FMTS,FMTS,MTS,1,D2D,MTF,DBFTFB,404116
2022-02-09 14:51:11.581744,FR0014007TY9,Corporate bond,DIRECTION GENERALE DU TRESOR,0,2025-02-25,10000000,EUR,100.19,PERC,,FMTS,FMTS,MTS,1,D2D,MTF,DBFTFB,403491
2022-02-09 14:31:32.771635,FR0014007TY9,Corporate bond,DIRECTION GENERALE DU TRESOR,0,2025-02-25,10000000,EUR,100.19,PERC,,FMTS,FMTS,MTS,1,D2D,MTF,DBFTFB,403317
2022-02-09 12:39:17.446399,FR0014007TY9,Corporate bond,DIRECTION GENERALE DU TRESOR,0,2025-02-25,10000000,EUR,100.18,PERC,,FMTS,FMTS,MTS,1,D2D,MTF,DBFTFB,402057
2022-02-09 09:14:26.772643,FR0014007TY9,Corporate bond,DIRECTION GENERALE DU TRESOR,0,2025-02-25,10000000,EUR,100.17,PERC,,FMTS,FMTS,MTS,1,D2D,MTF,DBFTFB,400569
2022-02-09 08:29:26.441284,FR0014007TY9,Corporate bond,DIRECTION GENERALE DU TRESOR,0,2025-02-25,10000000,EUR,100.11,PERC,,FMTS,FMTS,MTS,1,D2D,MTF,DBFTFB,400210
2022-02-09 08:20:13.958417,FR0014007TY9,Corporate bond,DIRECTION GENERALE DU TRESOR,0,2025-02-25,10000000,EUR,100.12,PERC,,FMTS,FMTS,MTS,1,D2D,MTF,DBFTFB,400149
2022-02-08 16:09:48.738709,FR0014007TY9,Corporate bond,DIRECTION GENERALE DU TRESOR,0,2025-02-25,10000000,EUR,100.04,PERC,,FMTS,FMTS,MTS,1,D2D,MTF,DBFTFB,403369
2022-02-08 13:43:01.919882,FR0014007TY9,Corporate bond,DIRECTION GENERALE DU TRESOR,0,2025-02-25,10000000,EUR,100.09,PERC,,FMTS,FMTS,MTS,1,D2D,MTF,DBFTFB,402170
2022-02-08 13:41:58.246808,FR0014007TY9,Corporate bond,DIRECTION GENERALE DU TRESOR,0,2025-02-25,10000000,EUR,100.1,PERC,,FMTS,FMTS,MTS,1,D2D,MTF,DBFTFB,402157
2022-02-08 13:15:44.506963,FR0014007TY9,Corporate bond,DIRECTION GENERALE DU TRESOR,0,2025-02-25,10000000,EUR,100.12,PERC,,FMTS,FMTS,MTS,1,D2D,MTF,DBFTFB,402044
2022-02-08 13:05:40.839718,FR0014007TY9,Corporate bond,DIRECTION GENERALE DU TRESOR,0,2025-02-25,10000000,EUR,100.12,PERC,,FMTS,FMTS,MTS,1,D2D,MTF,DBFTFB,402003
2022-02-08 12:51:35.210664,FR0014007TY9,Corporate bond,DIRECTION GENERALE DU TRESOR,0,2025-02-25,10000000,EUR,100.13,PERC,,FMTS,FMTS,MTS,1,D2D,MTF,DBFTFB,401887
2022-02-08 12:42:31.909056,FR0014007TY9,Corporate bond,DIRECTION GENERALE DU TRESOR,0,2025-02-25,10000000,EUR,100.13,PERC,,FMTS,FMTS,MTS,1,D2D,MTF,DBFTFB,401857
2022-02-08 11:49:44.156117,FR0014007TY9,Corporate bond,DIRECTION GENERALE DU TRESOR,0,2025-02-25,10000000,EUR,100.13,PERC,,FMTS,FMTS,MTS,1,D2D,MTF,DBFTFB,401462
2022-02-08 11:47:56.572710,FR0014007TY9,Corporate bond,DIRECTION GENERALE DU TRESOR,0,2025-02-25,10000000,EUR,100.14,PERC,,FMTS,FMTS,MTS,1,D2D,MTF,DBFTFB,401451
2022-02-08 11:26:26.858506,FR0014007TY9,Corporate bond,DIRECTION GENERALE DU TRESOR,0,2025-02-25,10000000,EUR,100.15,PERC,,FMTS,FMTS,MTS,1,D2D,MTF,DBFTFB,401329
2022-02-07 15:03:15.688349,FR0014007TY9,Corporate bond,DIRECTION GENERALE DU TRESOR,0,2025-02-25,10000000,EUR,99.99,PERC,,FMTS,FMTS,MTS,1,D2D,MTF,DBFTFB,403280
2022-02-07 11:05:35.076149,FR0014007TY9,Corporate bond,DIRECTION GENERALE DU TRESOR,0,2025-02-25,10000000,EUR,99.91,PERC,,FMTS,FMTS,MTS,1,D2D,MTF,DBFTFB,401627
2022-02-04 14:43:00.594119,FR0014007TY9,Corporate bond,DIRECTION GENERALE DU TRESOR,0,2025-02-25,10000000,EUR,100.06,PERC,,FMTS,FMTS,MTS,1,D2D,MTF,DBFTFB,402267
2022-02-04 14:42:48.733096,FR0014007TY9,Corporate bond,DIRECTION GENERALE DU TRESOR,0,2025-02-25,10000000,EUR,100.06,PERC,,FMTS,FMTS,MTS,1,D2D,MTF,DBFTFB,402266
2022-02-04 12:56:48.023630,FR0014007TY9,Corporate bond,DIRECTION GENERALE DU TRESOR,0,2025-02-25,10000000,EUR,100.12,PERC,,FMTS,FMTS,MTS,1,D2D,MTF,DBFTFB,401751
2022-02-04 11:23:22.878457,FR0014007TY9,Corporate bond,DIRECTION GENERALE DU TRESOR,0,2025-02-25,10000000,EUR,100.1,PERC,,FMTS,FMTS,MTS,1,D2D,MTF,DBFTFB,401237
2022-02-03 12:04:19.166526,FR0014007TY9,Corporate bond,DIRECTION GENERALE DU TRESOR,0,2025-02-25,10000000,EUR,100.68,PERC,,FMTS,FMTS,MTS,1,D2D,MTF,DBFTFB,401800
2022-02-03 11:56:24.316263,FR0014007TY9,Corporate bond,DIRECTION GENERALE DU TRESOR,0,2025-02-25,10000000,EUR,100.73,PERC,,FMTS,FMTS,MTS,1,D2D,MTF,DBFTFB,401741
2022-02-03 09:49:29.559273,FR0014007TY9,Corporate bond,DIRECTION GENERALE DU TRESOR,0,2025-02-25,10000000,EUR,100.73,PERC,,FMTS,FMTS,MTS,1,D2D,MTF,DBFTFB,401035
2022-02-02 11:01:15.065706,FR0014007TY9,Corporate bond,DIRECTION GENERALE DU TRESOR,0,2025-02-25,10000000,EUR,100.73,PERC,,FMTS,FMTS,MTS,1,D2D,MTF,DBFTFB,401949
2022-02-02 10:13:00.118147,FR0014007TY9,Corporate bond,DIRECTION GENERALE DU TRESOR,0,2025-02-25,10000000,EUR,100.8,PERC,,FMTS,FMTS,MTS,1,D2D,MTF,DBFTFB,401310
2022-02-02 09:31:43.828137,FR0014007TY9,Corporate bond,DIRECTION GENERALE DU TRESOR,0,2025-02-25,10000000,EUR,100.8,PERC,,FMTS,FMTS,MTS,1,D2D,MTF,DBFTFB,400881
2022-02-02 09:18:00.227179,FR0014007TY9,Corporate bond,DIRECTION GENERALE DU TRESOR,0,2025-02-25,10000000,EUR,100.82,PERC,,FMTS,FMTS,MTS,1,D2D,MTF,DBFTFB,400767
2022-02-02 08:42:17.309171,FR0014007TY9,Corporate bond,DIRECTION GENERALE DU TRESOR,0,2025-02-25,10000000,EUR,100.82,PERC,,FMTS,FMTS,MTS,1,D2D,MTF,DBFTFB,400429
2022-02-01 16:15:40.152011,FR0014007TY9,Corporate bond,DIRECTION GENERALE DU TRESOR,0,2025-02-25,10000000,EUR,100.78,PERC,,FMTS,FMTS,MTS,1,D2D,MTF,DBFTFB,404271
2022-02-01 15:26:12.213987,FR0014007TY9,Corporate bond,DIRECTION GENERALE DU TRESOR,0,2025-02-25,10000000,EUR,100.75,PERC,,FMTS,FMTS,MTS,1,D2D,MTF,DBFTFB,403953
2022-02-01 15:25:58.190186,FR0014007TY9,Corporate bond,DIRECTION GENERALE DU TRESOR,0,2025-02-25,7000000,EUR,100.75,PERC,,FMTS,FMTS,MTS,1,D2D,MTF,DBFTFB,403952
2022-02-01 15:24:59.503692,FR0014007TY9,Corporate bond,DIRECTION GENERALE DU TRESOR,0,2025-02-25,9500000,EUR,100.75,PERC,,FMTS,FMTS,MTS,1,D2D,MTF,DBFTFB,403937
2022-02-01 14:45:17.592715,FR0014007TY9,Corporate bond,DIRECTION GENERALE DU TRESOR,0,2025-02-25,10000000,EUR,100.8,PERC,,FMTS,FMTS,MTS,1,D2D,MTF,DBFTFB,403300
2022-02-01 14:40:52.439261,FR0014007TY9,Corporate bond,DIRECTION GENERALE DU TRESOR,0,2025-02-25,10000000,EUR,100.81,PERC,,FMTS,FMTS,MTS,1,D2D,MTF,DBFTFB,403279
2022-02-01 13:12:37.753413,FR0014007TY9,Corporate bond,DIRECTION GENERALE DU TRESOR,0,2025-02-25,10000000,EUR,100.87,PERC,,FMTS,FMTS,MTS,1,D2D,MTF,DBFTFB,402714
2022-02-01 12:53:56.748513,FR0014007TY9,Corporate bond,DIRECTION GENERALE DU TRESOR,0,2025-02-25,10000000,EUR,100.88,PERC,,FMTS,FMTS,MTS,1,D2D,MTF,DBFTFB,402633
2022-02-01 10:37:09.741859,FR0014007TY9,Corporate bond,DIRECTION GENERALE DU TRESOR,0,2025-02-25,10000000,EUR,100.87,PERC,,FMTS,FMTS,MTS,1,D2D,MTF,DBFTFB,401492
2022-02-01 09:14:23.169271,FR0014007TY9,Corporate bond,DIRECTION GENERALE DU TRESOR,0,2025-02-25,10000000,EUR,100.89,PERC,,FMTS,FMTS,MTS,1,D2D,MTF,DBFTFB,400701
2022-01-31 15:46:13.880633,FR0014007TY9,Corporate bond,DIRECTION GENERALE DU TRESOR,0,2025-02-25,10000000,EUR,100.85,PERC,,FMTS,FMTS,MTS,1,D2D,MTF,DBFTFB,404229
2022-01-31 15:42:14.112725,FR0014007TY9,Corporate bond,DIRECTION GENERALE DU TRESOR,0,2025-02-25,10000000,EUR,100.85,PERC,,FMTS,FMTS,MTS,1,D2D,MTF,DBFTFB,404203
2022-01-31 15:40:39.054769,FR0014007TY9,Corporate bond,DIRECTION GENERALE DU TRESOR,0,2025-02-25,10000000,EUR,100.85,PERC,,FMTS,FMTS,MTS,1,D2D,MTF,DBFTFB,404186
2022-01-31 15:40:06.536990,FR0014007TY9,Corporate bond,DIRECTION GENERALE DU TRESOR,0,2025-02-25,10000000,EUR,100.85,PERC,,FMTS,FMTS,MTS,1,D2D,MTF,DBFTFB,404183
2022-01-31 13:22:35.373879,FR0014007TY9,Corporate bond,DIRECTION GENERALE DU TRESOR,0,2025-02-25,10000000,EUR,100.82,PERC,,FMTS,FMTS,MTS,1,D2D,MTF,DBFTFB,402835
2022-01-31 10:39:37.435459,FR0014007TY9,Corporate bond,DIRECTION GENERALE DU TRESOR,0,2025-02-25,10000000,EUR,100.91,PERC,,FMTS,FMTS,MTS,1,D2D,MTF,DBFTFB,401447
2022-01-27 13:00:45.695321,FR0014007TY9,Corporate bond,DIRECTION GENERALE DU TRESOR,0,2025-02-25,10000000,EUR,101.09,PERC,,FMTS,FMTS,MTS,1,D2D,MTF,DBFTFB,402756
2022-01-27 11:32:35.359952,FR0014007TY9,Corporate bond,DIRECTION GENERALE DU TRESOR,0,2025-02-25,10000000,EUR,101.11,PERC,,FMTS,FMTS,MTS,1,D2D,MTF,DBFTFB,402095
2022-01-27 09:43:58.179897,FR0014007TY9,Corporate bond,DIRECTION GENERALE DU TRESOR,0,2025-02-25,10000000,EUR,101.08,PERC,,FMTS,FMTS,MTS,1,D2D,MTF,DBFTFB,400955
2022-01-27 09:42:44.898216,FR0014007TY9,Corporate bond,DIRECTION GENERALE DU TRESOR,0,2025-02-25,10000000,EUR,101.08,PERC,,FMTS,FMTS,MTS,1,D2D,MTF,DBFTFB,400949
2022-01-27 09:42:21.993719,FR0014007TY9,Corporate bond,DIRECTION GENERALE DU TRESOR,0,2025-02-25,10000000,EUR,101.08,PERC,,FMTS,FMTS,MTS,1,D2D,MTF,DBFTFB,400948
2022-01-27 08:13:41.126587,FR0014007TY9,Corporate bond,DIRECTION GENERALE DU TRESOR,0,2025-02-25,10000000,EUR,101.07,PERC,,FMTS,FMTS,MTS,1,D2D,MTF,DBFTFB,400144
2022-01-27 08:11:46.634520,FR0014007TY9,Corporate bond,DIRECTION GENERALE DU TRESOR,0,2025-02-25,10000000,EUR,101.07,PERC,,FMTS,FMTS,MTS,1,D2D,MTF,DBFTFB,400128
2022-01-26 10:28:30.391363,FR0014007TY9,Corporate bond,DIRECTION GENERALE DU TRESOR,0,2025-02-25,10000000,EUR,101.22,PERC,,FMTS,FMTS,MTS,1,D2D,MTF,DBFTFB,400964
