Historical Rts2 Post Trade Microsecond,Historical Rts2 Instrument Identification Code,Bond Type Bond Type Desc,Instruments New Issuer Name,Instruments New Bond Fixed Rate,Instruments New Bond Maturity Date,Historical Rts2 Notional Amount,Historical Rts2 Notional Currency,Historical Rts2 Price,Historical Rts2 Price Notation,Historical Rts2 Flag List,Historical Rts2 Venue of Execution,Historical Rts2 Venue of Publication,Mifid Entities Commercial Name,Historical Rts2 Transaction Count,Mifid Entities Platform Type,Mifid Entities Trading Venue Types,Instruments New Cfi,Historical Rts2 Transaction Identification Code
2022-08-08 15:06:31.035000,FR0011486067,Corporate bond,DIRECTION GENERALE DU TRESOR,1.75,2023-05-25,500000,EUR,101.142,PERC,,BTFE,BTFE,BLOOMBERG,1,D2C,MTF,DBFTFB,fb6dcf61-75d0-4c49-8ef5-df5782467743
2022-08-08 09:16:46.866000,FR0011486067,Corporate bond,DIRECTION GENERALE DU TRESOR,1.75,2023-05-25,100000,EUR,101.126,PERC,,BTFE,BTFE,BLOOMBERG,1,D2C,MTF,DBFTFB,429df249-9782-41ef-86bb-3a2c4a57eb72
2022-08-08 08:51:45.768000,FR0011486067,Corporate bond,DIRECTION GENERALE DU TRESOR,1.75,2023-05-25,1570,EUR,101.119,PERC,,BTFE,BTFE,BLOOMBERG,1,D2C,MTF,DBFTFB,7c8ce0d8-f2c9-45bd-bd8f-6772bd99bd0c
2022-08-08 08:44:42.625000,FR0011486067,Corporate bond,DIRECTION GENERALE DU TRESOR,1.75,2023-05-25,872,EUR,101.126,PERC,,BTFE,BTFE,BLOOMBERG,1,D2C,MTF,DBFTFB,7d642907-98a9-4ebb-8a34-1cf0bd883972
2022-08-05 15:15:38.496000,FR0011486067,Corporate bond,DIRECTION GENERALE DU TRESOR,1.75,2023-05-25,1638000,EUR,101.12,PERC,,BTFE,BTFE,BLOOMBERG,1,D2C,MTF,DBFTFB,3b1c094d-1980-4217-8fa5-0a2afaa2ddf3
2022-08-05 10:20:55.821000,FR0011486067,Corporate bond,DIRECTION GENERALE DU TRESOR,1.75,2023-05-25,55407,EUR,101.179,PERC,,BTFE,BTFE,BLOOMBERG,1,D2C,MTF,DBFTFB,2868036e-0da9-4853-9484-130d8b034247
2022-08-05 09:21:35.873000,FR0011486067,Corporate bond,DIRECTION GENERALE DU TRESOR,1.75,2023-05-25,889915,EUR,101.165,PERC,,BTFE,BTFE,BLOOMBERG,1,D2C,MTF,DBFTFB,25659a93-a427-4f7b-8afe-f7d8fde89f92
2022-08-05 09:02:39.997000,FR0011486067,Corporate bond,DIRECTION GENERALE DU TRESOR,1.75,2023-05-25,111360,EUR,101.163,PERC,,BTFE,BTFE,BLOOMBERG,1,D2C,MTF,DBFTFB,12c72f80-0aa3-4edb-8b53-a082ae847669
2022-08-05 08:52:22.267000,FR0011486067,Corporate bond,DIRECTION GENERALE DU TRESOR,1.75,2023-05-25,670660,EUR,101.139,PERC,,BTFE,BTFE,BLOOMBERG,1,D2C,MTF,DBFTFB,8e4651fd-56cb-4650-bfd2-99a7443f5c42
2022-08-04 12:49:39.214000,FR0011486067,Corporate bond,DIRECTION GENERALE DU TRESOR,1.75,2023-05-25,1709,EUR,101.166,PERC,,BTFE,BTFE,BLOOMBERG,1,D2C,MTF,DBFTFB,cf22374b-ced3-43b4-b3f4-fbcc3a3287f6
2022-08-04 10:10:00.276000,FR0011486067,Corporate bond,DIRECTION GENERALE DU TRESOR,1.75,2023-05-25,4802,EUR,101.158,PERC,,BTFE,BTFE,BLOOMBERG,1,D2C,MTF,DBFTFB,edc51574-9f69-49a8-bfc0-fe6a66d9f1b8
2022-08-03 15:14:41.267000,FR0011486067,Corporate bond,DIRECTION GENERALE DU TRESOR,1.75,2023-05-25,100000,EUR,101.16,PERC,,BTFE,BTFE,BLOOMBERG,1,D2C,MTF,DBFTFB,15ac5bdf-fbbd-4465-8432-dd1f164e7e34
2022-08-03 13:26:14.987000,FR0011486067,Corporate bond,DIRECTION GENERALE DU TRESOR,1.75,2023-05-25,267000,EUR,101.176,PERC,,BTFE,BTFE,BLOOMBERG,1,D2C,MTF,DBFTFB,bc136d8b-76f8-4a05-9ba2-3c207ce8613c
2022-08-03 13:23:10.519000,FR0011486067,Corporate bond,DIRECTION GENERALE DU TRESOR,1.75,2023-05-25,324000,EUR,101.177,PERC,,BTFE,BTFE,BLOOMBERG,1,D2C,MTF,DBFTFB,3e23fedf-e04f-4408-ab6f-eea0e9c1b0e0
2022-08-03 12:51:34.632000,FR0011486067,Corporate bond,DIRECTION GENERALE DU TRESOR,1.75,2023-05-25,1100000,EUR,101.175,PERC,,BTFE,BTFE,BLOOMBERG,1,D2C,MTF,DBFTFB,eac16ce5-7289-4c51-8be1-66c55d508c05
2022-08-03 10:25:55.795000,FR0011486067,Corporate bond,DIRECTION GENERALE DU TRESOR,1.75,2023-05-25,419000,EUR,101.17,PERC,,BTFE,BTFE,BLOOMBERG,1,D2C,MTF,DBFTFB,0790d197-ffce-4650-a868-9114602e45fe
2022-08-03 08:39:39.568000,FR0011486067,Corporate bond,DIRECTION GENERALE DU TRESOR,1.75,2023-05-25,1416,EUR,101.166,PERC,,BTFE,BTFE,BLOOMBERG,1,D2C,MTF,DBFTFB,077a292a-32bf-45ab-b28e-85b5b7e79571
2022-08-03 08:35:22.906000,FR0011486067,Corporate bond,DIRECTION GENERALE DU TRESOR,1.75,2023-05-25,17181,EUR,101.187,PERC,,BTFE,BTFE,BLOOMBERG,1,D2C,MTF,DBFTFB,331f37ce-3477-4732-a2e9-b9b9751a35e0
2022-08-02 14:10:44.871000,FR0011486067,Corporate bond,DIRECTION GENERALE DU TRESOR,1.75,2023-05-25,2300000,EUR,101.206,PERC,,BTFE,BTFE,BLOOMBERG,1,D2C,MTF,DBFTFB,3d141bcc-1e39-46ec-a8ca-418f3e889ab1
2022-08-02 13:44:16.164000,FR0011486067,Corporate bond,DIRECTION GENERALE DU TRESOR,1.75,2023-05-25,3371,EUR,101.221,PERC,,BTFE,BTFE,BLOOMBERG,1,D2C,MTF,DBFTFB,f75c49e2-56bc-47c4-972d-3bf4c1b7149d
2022-08-02 13:25:35.559000,FR0011486067,Corporate bond,DIRECTION GENERALE DU TRESOR,1.75,2023-05-25,4060,EUR,101.236,PERC,,BTFE,BTFE,BLOOMBERG,1,D2C,MTF,DBFTFB,1e517e8c-e1b4-4e02-a165-089f6401acae
2022-08-02 06:45:54.698311,FR0011486067,Corporate bond,DIRECTION GENERALE DU TRESOR,1.75,2023-05-25,83586134,EUR,101.25996,PERC,IDAF LRGS,BTFE,BTFE,BLOOMBERG,8,D2C,MTF,DBFTFB,
2022-08-01 15:16:16.801000,FR0011486067,Corporate bond,DIRECTION GENERALE DU TRESOR,1.75,2023-05-25,600000,EUR,101.215,PERC,,BTFE,BTFE,BLOOMBERG,1,D2C,MTF,DBFTFB,be3d9ef3-ec34-4f5b-9fd0-4d95e9143f11
2022-08-01 13:41:33.730000,FR0011486067,Corporate bond,DIRECTION GENERALE DU TRESOR,1.75,2023-05-25,2600000,EUR,101.244,PERC,,BTFE,BTFE,BLOOMBERG,1,D2C,MTF,DBFTFB,6fdb7882-4fb7-472e-ae92-a9e071ce8411
2022-08-01 12:38:47.846000,FR0011486067,Corporate bond,DIRECTION GENERALE DU TRESOR,1.75,2023-05-25,1000,EUR,101.225,PERC,,BTFE,BTFE,BLOOMBERG,1,D2C,MTF,DBFTFB,eefcc408-5deb-485f-92fa-20d5f15b2aa3
2022-08-01 10:35:24.794000,FR0011486067,Corporate bond,DIRECTION GENERALE DU TRESOR,1.75,2023-05-25,16000,EUR,101.229,PERC,,BTFE,BTFE,BLOOMBERG,1,D2C,MTF,DBFTFB,46feb6e5-1f2b-4d98-abe3-cf6e12ae3019
2022-08-01 09:24:12.201000,FR0011486067,Corporate bond,DIRECTION GENERALE DU TRESOR,1.75,2023-05-25,23298,EUR,101.23,PERC,,BTFE,BTFE,BLOOMBERG,1,D2C,MTF,DBFTFB,f9085915-74fd-46f2-b5bc-78fc2e03a9cb
2022-08-01 07:06:51.077000,FR0011486067,Corporate bond,DIRECTION GENERALE DU TRESOR,1.75,2023-05-25,500000,EUR,101.234,PERC,,BTFE,BTFE,BLOOMBERG,1,D2C,MTF,DBFTFB,9ee18287-d82f-45a8-aee3-e76a414e04fa
2022-07-29 15:42:38.147000,FR0011486067,Corporate bond,DIRECTION GENERALE DU TRESOR,1.75,2023-05-25,1200000,EUR,101.224,PERC,,BTFE,BTFE,BLOOMBERG,1,D2C,MTF,DBFTFB,3695db55-2edf-4266-bd0c-6aee6afdfcd4
2022-07-29 13:45:27.372000,FR0011486067,Corporate bond,DIRECTION GENERALE DU TRESOR,1.75,2023-05-25,300000,EUR,101.259,PERC,,BTFE,BTFE,BLOOMBERG,1,D2C,MTF,DBFTFB,e71eca59-5cf1-4a17-98ab-e159aefa1543
2022-07-29 13:13:09.877000,FR0011486067,Corporate bond,DIRECTION GENERALE DU TRESOR,1.75,2023-05-25,10546,EUR,101.217,PERC,,BTFE,BTFE,BLOOMBERG,1,D2C,MTF,DBFTFB,95ce8f89-0ce2-454a-947b-e4273860fb70
2022-07-29 09:58:50.133000,FR0011486067,Corporate bond,DIRECTION GENERALE DU TRESOR,1.75,2023-05-25,43000,EUR,101.22,PERC,,BTFE,BTFE,BLOOMBERG,1,D2C,MTF,DBFTFB,0b2f0d77-d8cf-4741-8772-5ac6a40561ba
2022-07-28 14:25:54.949000,FR0011486067,Corporate bond,DIRECTION GENERALE DU TRESOR,1.75,2023-05-25,10435,EUR,101.249,PERC,,BTFE,BTFE,BLOOMBERG,1,D2C,MTF,DBFTFB,ca215ea8-ab12-4fea-ad67-ecdcfb369d12
2022-07-28 14:25:15.992000,FR0011486067,Corporate bond,DIRECTION GENERALE DU TRESOR,1.75,2023-05-25,12158,EUR,101.241,PERC,,BTFE,BTFE,BLOOMBERG,1,D2C,MTF,DBFTFB,85b1cb60-3116-4241-82d6-9ab82d7609b3
2022-07-28 11:45:21.032000,FR0011486067,Corporate bond,DIRECTION GENERALE DU TRESOR,1.75,2023-05-25,372000,EUR,101.249,PERC,,BTFE,BTFE,BLOOMBERG,1,D2C,MTF,DBFTFB,65f5ffd1-cd53-4c22-a52e-241a992b9907
2022-07-28 09:30:31.556000,FR0011486067,Corporate bond,DIRECTION GENERALE DU TRESOR,1.75,2023-05-25,1200000,EUR,101.248,PERC,,BTFE,BTFE,BLOOMBERG,1,D2C,MTF,DBFTFB,8daaca20-b389-447b-95a9-4576eb3c07d3
2022-07-27 15:01:58.410000,FR0011486067,Corporate bond,DIRECTION GENERALE DU TRESOR,1.75,2023-05-25,2500000,EUR,101.255,PERC,,BTFE,BTFE,BLOOMBERG,1,D2C,MTF,DBFTFB,39b80f03-3da0-48f7-b048-a11016e7e1b8
2022-07-27 13:18:52.195000,FR0011486067,Corporate bond,DIRECTION GENERALE DU TRESOR,1.75,2023-05-25,3000,EUR,101.255,PERC,,BTFE,BTFE,BLOOMBERG,1,D2C,MTF,DBFTFB,213c6fc9-4ac6-4ff8-89af-a065ea4502a9
2022-07-27 12:28:10.095000,FR0011486067,Corporate bond,DIRECTION GENERALE DU TRESOR,1.75,2023-05-25,2000000,EUR,101.254,PERC,,BTFE,BTFE,BLOOMBERG,1,D2C,MTF,DBFTFB,7dc0d668-9f3a-40e8-b5b2-c094e23b6d0e
2022-07-27 09:53:29.819000,FR0011486067,Corporate bond,DIRECTION GENERALE DU TRESOR,1.75,2023-05-25,9883,EUR,101.252,PERC,,BTFE,BTFE,BLOOMBERG,1,D2C,MTF,DBFTFB,9ec83f0b-f121-499e-bb6b-dde41f5b72f1
2022-07-27 09:22:42.842000,FR0011486067,Corporate bond,DIRECTION GENERALE DU TRESOR,1.75,2023-05-25,15671,EUR,101.256,PERC,,BTFE,BTFE,BLOOMBERG,1,D2C,MTF,DBFTFB,4d6f0874-ef27-47eb-8f81-fb1a375c3875
2022-07-26 15:14:31.431000,FR0011486067,Corporate bond,DIRECTION GENERALE DU TRESOR,1.75,2023-05-25,150000,EUR,101.267,PERC,,BTFE,BTFE,BLOOMBERG,1,D2C,MTF,DBFTFB,62eb3bd6-805f-4043-ac0b-0c51b8a2b93a
2022-07-26 14:22:17.697000,FR0011486067,Corporate bond,DIRECTION GENERALE DU TRESOR,1.75,2023-05-25,108000,EUR,101.268,PERC,,BTFE,BTFE,BLOOMBERG,1,D2C,MTF,DBFTFB,877ae0f3-6c68-42f1-8d6d-71e4a4609b60
2022-07-26 12:47:36.353000,FR0011486067,Corporate bond,DIRECTION GENERALE DU TRESOR,1.75,2023-05-25,110000,EUR,101.296,PERC,,BTFE,BTFE,BLOOMBERG,1,D2C,MTF,DBFTFB,f3a38f15-765c-48f4-b575-a1d8a3e00b2d
2022-07-26 10:41:52.264000,FR0011486067,Corporate bond,DIRECTION GENERALE DU TRESOR,1.75,2023-05-25,9000,EUR,101.281,PERC,,BTFE,BTFE,BLOOMBERG,1,D2C,MTF,DBFTFB,8339ecf4-f293-47ce-acd5-d65231e3ac4c
2022-07-26 10:40:54.567000,FR0011486067,Corporate bond,DIRECTION GENERALE DU TRESOR,1.75,2023-05-25,79000,EUR,101.282,PERC,,BTFE,BTFE,BLOOMBERG,1,D2C,MTF,DBFTFB,c8a3ffeb-fb86-4a7e-90a7-32f00769c060
2022-07-26 06:44:50.910085,FR0011486067,Corporate bond,DIRECTION GENERALE DU TRESOR,1.75,2023-05-25,87879230,EUR,101.24181,PERC,IDAF LRGS,BTFE,BTFE,BLOOMBERG,7,D2C,MTF,DBFTFB,
2022-07-25 13:16:13.204000,FR0011486067,Corporate bond,DIRECTION GENERALE DU TRESOR,1.75,2023-05-25,300000,EUR,101.233,PERC,,BTFE,BTFE,BLOOMBERG,1,D2C,MTF,DBFTFB,d304b7b6-ffb5-4d26-9555-ab6ed97ef276
2022-07-25 12:48:22.698000,FR0011486067,Corporate bond,DIRECTION GENERALE DU TRESOR,1.75,2023-05-25,252000,EUR,101.23,PERC,,BTFE,BTFE,BLOOMBERG,1,D2C,MTF,DBFTFB,db8d5a16-1ffc-4cf0-a6a3-4eca4b03d6d6
2022-07-25 10:37:44.512000,FR0011486067,Corporate bond,DIRECTION GENERALE DU TRESOR,1.75,2023-05-25,1000000,EUR,101.232,PERC,,BTFE,BTFE,BLOOMBERG,1,D2C,MTF,DBFTFB,f9a71264-02fd-442b-a5de-ff90cdf12014
2022-07-22 15:15:36.448000,FR0011486067,Corporate bond,DIRECTION GENERALE DU TRESOR,1.75,2023-05-25,120000,EUR,101.236,PERC,,BTFE,BTFE,BLOOMBERG,1,D2C,MTF,DBFTFB,1d78fa17-cca7-4ca2-9481-33c11eefcd4a
2022-07-22 14:49:37.908000,FR0011486067,Corporate bond,DIRECTION GENERALE DU TRESOR,1.75,2023-05-25,130000,EUR,101.24,PERC,,BTFE,BTFE,BLOOMBERG,1,D2C,MTF,DBFTFB,f821309c-cb5e-48bf-b2ba-04c28086e197
2022-07-22 08:39:24.003000,FR0011486067,Corporate bond,DIRECTION GENERALE DU TRESOR,1.75,2023-05-25,4057,EUR,101.226,PERC,,BTFE,BTFE,BLOOMBERG,1,D2C,MTF,DBFTFB,60dfb80b-85be-41da-8163-e9e6bf1464a3
2022-07-21 15:16:51.533000,FR0011486067,Corporate bond,DIRECTION GENERALE DU TRESOR,1.75,2023-05-25,160000,EUR,101.132,PERC,,BTFE,BTFE,BLOOMBERG,1,D2C,MTF,DBFTFB,fa6e6a33-6898-468e-b117-69bec9b7bc2b
2022-07-21 15:15:36.910000,FR0011486067,Corporate bond,DIRECTION GENERALE DU TRESOR,1.75,2023-05-25,100000,EUR,101.14,PERC,,BTFE,BTFE,BLOOMBERG,1,D2C,MTF,DBFTFB,fa55fa5d-6d82-4300-8250-fcda52f294e0
2022-07-21 14:04:01.739000,FR0011486067,Corporate bond,DIRECTION GENERALE DU TRESOR,1.75,2023-05-25,115000,EUR,101.131,PERC,,BTFE,BTFE,BLOOMBERG,1,D2C,MTF,DBFTFB,05355800-dd44-4824-b542-48d3db22d9fe
2022-07-21 12:43:29.415000,FR0011486067,Corporate bond,DIRECTION GENERALE DU TRESOR,1.75,2023-05-25,174592,EUR,101.09,PERC,,BTFE,BTFE,BLOOMBERG,1,D2C,MTF,DBFTFB,b7101f47-dc49-4813-b8cf-60c268f79627
2022-07-21 12:40:38.211000,FR0011486067,Corporate bond,DIRECTION GENERALE DU TRESOR,1.75,2023-05-25,78760,EUR,101.096,PERC,,BTFE,BTFE,BLOOMBERG,1,D2C,MTF,DBFTFB,43638c3b-d972-4fde-83d4-51032baf00ec
2022-07-21 09:50:38.134000,FR0011486067,Corporate bond,DIRECTION GENERALE DU TRESOR,1.75,2023-05-25,517000,EUR,101.192,PERC,,BTFE,BTFE,BLOOMBERG,1,D2C,MTF,DBFTFB,c8838f13-2e28-40bd-bdd4-ffdc176abb33
2022-07-20 15:22:10.616000,FR0011486067,Corporate bond,DIRECTION GENERALE DU TRESOR,1.75,2023-05-25,1012000,EUR,101.202,PERC,,BTFE,BTFE,BLOOMBERG,1,D2C,MTF,DBFTFB,cc8a7c79-47e1-409d-9f38-b883258f4d7e
2022-07-20 15:16:36.155000,FR0011486067,Corporate bond,DIRECTION GENERALE DU TRESOR,1.75,2023-05-25,440000,EUR,101.181,PERC,,BTFE,BTFE,BLOOMBERG,1,D2C,MTF,DBFTFB,def7bd6a-54b1-4b7f-a37d-ca40d8ab4740
2022-07-20 15:16:00.365000,FR0011486067,Corporate bond,DIRECTION GENERALE DU TRESOR,1.75,2023-05-25,120000,EUR,101.195,PERC,,BTFE,BTFE,BLOOMBERG,1,D2C,MTF,DBFTFB,298c4e41-1935-4b9d-afc3-4402a70b7a4f
2022-07-20 15:14:25.130000,FR0011486067,Corporate bond,DIRECTION GENERALE DU TRESOR,1.75,2023-05-25,100000,EUR,101.183,PERC,,BTFE,BTFE,BLOOMBERG,1,D2C,MTF,DBFTFB,045a9e49-c9c1-435e-acec-763edd85dd35
2022-07-19 15:15:03.878000,FR0011486067,Corporate bond,DIRECTION GENERALE DU TRESOR,1.75,2023-05-25,50000,EUR,101.192,PERC,,BTFE,BTFE,BLOOMBERG,1,D2C,MTF,DBFTFB,11ab61ff-796e-475a-9396-97b8838f94f5
2022-07-19 13:28:22.741000,FR0011486067,Corporate bond,DIRECTION GENERALE DU TRESOR,1.75,2023-05-25,45351,EUR,101.235,PERC,,BTFE,BTFE,BLOOMBERG,1,D2C,MTF,DBFTFB,fa557ed2-30af-4f5c-b95f-a49548221c53
2022-07-19 11:04:19.777000,FR0011486067,Corporate bond,DIRECTION GENERALE DU TRESOR,1.75,2023-05-25,8950,EUR,101.214,PERC,,BTFE,BTFE,BLOOMBERG,1,D2C,MTF,DBFTFB,b0379b37-dd04-4e4d-8054-395ddc95573e
2022-07-19 08:24:54.302000,FR0011486067,Corporate bond,DIRECTION GENERALE DU TRESOR,1.75,2023-05-25,30477,EUR,101.191,PERC,,BTFE,BTFE,BLOOMBERG,1,D2C,MTF,DBFTFB,d8068541-7d4a-4e43-a19b-f76ad95dce5e
2022-07-19 08:12:08.912000,FR0011486067,Corporate bond,DIRECTION GENERALE DU TRESOR,1.75,2023-05-25,2600000,EUR,101.168,PERC,,BTFE,BTFE,BLOOMBERG,1,D2C,MTF,DBFTFB,63f9bc56-5672-44ca-a671-2116d18b92c8
2022-07-19 06:45:35.039292,FR0011486067,Corporate bond,DIRECTION GENERALE DU TRESOR,1.75,2023-05-25,160695029,EUR,101.268154,PERC,IDAF LRGS,BTFE,BTFE,BLOOMBERG,7,D2C,MTF,DBFTFB,
2022-07-18 15:16:38.598000,FR0011486067,Corporate bond,DIRECTION GENERALE DU TRESOR,1.75,2023-05-25,80000,EUR,101.251,PERC,,BTFE,BTFE,BLOOMBERG,1,D2C,MTF,DBFTFB,1cfeb674-8a8e-44c0-929c-a90cee8131d1
2022-07-18 14:41:57.843000,FR0011486067,Corporate bond,DIRECTION GENERALE DU TRESOR,1.75,2023-05-25,17665,EUR,101.282,PERC,,BTFE,BTFE,BLOOMBERG,1,D2C,MTF,DBFTFB,a0be12cf-da04-45b2-9435-747f6364cc25
2022-07-18 13:56:39.238000,FR0011486067,Corporate bond,DIRECTION GENERALE DU TRESOR,1.75,2023-05-25,622000,EUR,101.247,PERC,,BTFE,BTFE,BLOOMBERG,1,D2C,MTF,DBFTFB,d24a5662-8466-421e-8739-8ddca864a5f3
2022-07-18 11:56:57.903000,FR0011486067,Corporate bond,DIRECTION GENERALE DU TRESOR,1.75,2023-05-25,85000,EUR,101.256,PERC,,BTFE,BTFE,BLOOMBERG,1,D2C,MTF,DBFTFB,2c512a8d-8389-4943-ad97-9af1e529ed5c
2022-07-18 10:44:06.741000,FR0011486067,Corporate bond,DIRECTION GENERALE DU TRESOR,1.75,2023-05-25,56456,EUR,101.278,PERC,,BTFE,BTFE,BLOOMBERG,1,D2C,MTF,DBFTFB,b51d5945-6bd4-487d-98e9-e35fc18bce18
2022-07-18 09:27:13.081000,FR0011486067,Corporate bond,DIRECTION GENERALE DU TRESOR,1.75,2023-05-25,2000000,EUR,101.254,PERC,,BTFE,BTFE,BLOOMBERG,1,D2C,MTF,DBFTFB,d363a9f7-ad05-4648-bb02-209471f5ec6f
2022-07-18 07:54:19.133000,FR0011486067,Corporate bond,DIRECTION GENERALE DU TRESOR,1.75,2023-05-25,91389,EUR,101.257,PERC,,BTFE,BTFE,BLOOMBERG,1,D2C,MTF,DBFTFB,ae484552-8ac0-401f-81c7-a1eac4ad5acd
2022-07-15 15:16:52.633000,FR0011486067,Corporate bond,DIRECTION GENERALE DU TRESOR,1.75,2023-05-25,80000,EUR,101.275,PERC,,BTFE,BTFE,BLOOMBERG,1,D2C,MTF,DBFTFB,3b07ed56-4ea0-4cb0-a563-0cf2b281ab8f
2022-07-15 13:58:38.019000,FR0011486067,Corporate bond,DIRECTION GENERALE DU TRESOR,1.75,2023-05-25,2500000,EUR,101.281,PERC,,BTFE,BTFE,BLOOMBERG,1,D2C,MTF,DBFTFB,14b9f2a9-a91a-44a9-a8d3-de490c3d4ff4
2022-07-15 13:28:19.745000,FR0011486067,Corporate bond,DIRECTION GENERALE DU TRESOR,1.75,2023-05-25,2000000,EUR,101.261,PERC,,BTFE,BTFE,BLOOMBERG,1,D2C,MTF,DBFTFB,28c60633-9e16-4db6-a9ec-64510aac93b4
2022-07-15 09:55:53.246000,FR0011486067,Corporate bond,DIRECTION GENERALE DU TRESOR,1.75,2023-05-25,16952,EUR,101.289,PERC,,BTFE,BTFE,BLOOMBERG,1,D2C,MTF,DBFTFB,387970e0-8d83-48f4-aad8-f495c9b13e98
2022-07-14 15:14:48.609000,FR0011486067,Corporate bond,DIRECTION GENERALE DU TRESOR,1.75,2023-05-25,2530000,EUR,101.194,PERC,,BTFE,BTFE,BLOOMBERG,1,D2C,MTF,DBFTFB,ab7374d9-0d63-4334-b131-dd43f59b9559
2022-07-14 13:29:45.699000,FR0011486067,Corporate bond,DIRECTION GENERALE DU TRESOR,1.75,2023-05-25,225000,EUR,101.225,PERC,,BTFE,BTFE,BLOOMBERG,1,D2C,MTF,DBFTFB,ac94e152-3708-400f-a56b-63a0c1ff1302
2022-07-14 13:15:35.329000,FR0011486067,Corporate bond,DIRECTION GENERALE DU TRESOR,1.75,2023-05-25,10000,EUR,101.191,PERC,,BTFE,BTFE,BLOOMBERG,1,D2C,MTF,DBFTFB,9742b854-fb0c-43f2-b279-ed6127f0d44c
2022-07-14 09:32:59.632000,FR0011486067,Corporate bond,DIRECTION GENERALE DU TRESOR,1.75,2023-05-25,17259,EUR,101.173,PERC,,BTFE,BTFE,BLOOMBERG,1,D2C,MTF,DBFTFB,0cef549e-9d1b-456e-8b61-1965cec189e3
2022-07-14 07:36:27.974000,FR0011486067,Corporate bond,DIRECTION GENERALE DU TRESOR,1.75,2023-05-25,3564,EUR,101.162,PERC,,BTFE,BTFE,BLOOMBERG,1,D2C,MTF,DBFTFB,443f67d0-09b9-4868-af0d-4883dad388ea
2022-07-13 15:05:56.727000,FR0011486067,Corporate bond,DIRECTION GENERALE DU TRESOR,1.75,2023-05-25,2000000,EUR,101.263,PERC,,BTFE,BTFE,BLOOMBERG,1,D2C,MTF,DBFTFB,a85f3496-3f8a-4b18-99ca-e6725666a265
2022-07-13 14:22:19.472000,FR0011486067,Corporate bond,DIRECTION GENERALE DU TRESOR,1.75,2023-05-25,32000,EUR,101.244,PERC,,BTFE,BTFE,BLOOMBERG,1,D2C,MTF,DBFTFB,f5f70bb4-47f2-459d-b8e0-70bc93d1c7c7
2022-07-13 10:20:30.257000,FR0011486067,Corporate bond,DIRECTION GENERALE DU TRESOR,1.75,2023-05-25,300000,EUR,101.269,PERC,,BTFE,BTFE,BLOOMBERG,1,D2C,MTF,DBFTFB,49f8be46-9355-4588-9dfa-ac75dc960c8f
2022-07-13 07:37:22.805000,FR0011486067,Corporate bond,DIRECTION GENERALE DU TRESOR,1.75,2023-05-25,7009,EUR,101.267,PERC,,BTFE,BTFE,BLOOMBERG,1,D2C,MTF,DBFTFB,af40b0e2-d6a5-4b6a-a17c-a64a4b349315
2022-07-13 07:09:19.355000,FR0011486067,Corporate bond,DIRECTION GENERALE DU TRESOR,1.75,2023-05-25,177013,EUR,101.256,PERC,,BTFE,BTFE,BLOOMBERG,1,D2C,MTF,DBFTFB,58c68dfa-88c0-4385-b868-207ade43130b
2022-07-12 15:12:20.671000,FR0011486067,Corporate bond,DIRECTION GENERALE DU TRESOR,1.75,2023-05-25,22248,EUR,101.306,PERC,,BTFE,BTFE,BLOOMBERG,1,D2C,MTF,DBFTFB,e2c4f31b-b380-4554-ba5f-5765fdd4d7ea
2022-07-12 14:22:50.571000,FR0011486067,Corporate bond,DIRECTION GENERALE DU TRESOR,1.75,2023-05-25,6000,EUR,101.283,PERC,,BTFE,BTFE,BLOOMBERG,1,D2C,MTF,DBFTFB,9be7a10c-0ddc-4f10-a90d-5dd60aa3b3c0
2022-07-12 13:06:22.724000,FR0011486067,Corporate bond,DIRECTION GENERALE DU TRESOR,1.75,2023-05-25,230000,EUR,101.286,PERC,,BTFE,BTFE,BLOOMBERG,1,D2C,MTF,DBFTFB,cb2cd4f0-892e-4596-a5d8-13701407575a
2022-07-12 11:10:47.309000,FR0011486067,Corporate bond,DIRECTION GENERALE DU TRESOR,1.75,2023-05-25,1000000,EUR,101.257,PERC,,BTFE,BTFE,BLOOMBERG,1,D2C,MTF,DBFTFB,186fc930-7450-46fb-899b-daad1fe28a0e
2022-07-12 06:37:07.643101,FR0011486067,Corporate bond,DIRECTION GENERALE DU TRESOR,1.75,2023-05-25,242094901,EUR,101.294969,PERC,IDAF LRGS,BTFE,BTFE,BLOOMBERG,8,D2C,MTF,DBFTFB,
2022-07-11 14:57:01.687000,FR0011486067,Corporate bond,DIRECTION GENERALE DU TRESOR,1.75,2023-05-25,500000,EUR,101.253,PERC,,BTFE,BTFE,BLOOMBERG,1,D2C,MTF,DBFTFB,46e28ffd-47d5-4119-9678-f89cf7fefd8f
2022-07-11 14:51:01.525000,FR0011486067,Corporate bond,DIRECTION GENERALE DU TRESOR,1.75,2023-05-25,1080000,EUR,101.257,PERC,,BTFE,BTFE,BLOOMBERG,1,D2C,MTF,DBFTFB,523a35e0-0442-4e39-8a5f-9344c9a54322
2022-07-11 13:34:00.404000,FR0011486067,Corporate bond,DIRECTION GENERALE DU TRESOR,1.75,2023-05-25,107000,EUR,101.236,PERC,,BTFE,BTFE,BLOOMBERG,1,D2C,MTF,DBFTFB,0409a1fc-6d1e-4f8e-af93-a4fd01aa8c41
2022-07-11 13:03:13.472000,FR0011486067,Corporate bond,DIRECTION GENERALE DU TRESOR,1.75,2023-05-25,40000,EUR,101.235,PERC,,BTFE,BTFE,BLOOMBERG,1,D2C,MTF,DBFTFB,2d8de275-12d4-4cd6-ac0d-10f81a21bf79
2022-07-11 08:03:49.360000,FR0011486067,Corporate bond,DIRECTION GENERALE DU TRESOR,1.75,2023-05-25,150068,EUR,101.222,PERC,,BTFE,BTFE,BLOOMBERG,1,D2C,MTF,DBFTFB,43907313-460b-4309-af01-287e25d83cdd
2022-07-08 15:14:41.428000,FR0011486067,Corporate bond,DIRECTION GENERALE DU TRESOR,1.75,2023-05-25,360000,EUR,101.213,PERC,,BTFE,BTFE,BLOOMBERG,1,D2C,MTF,DBFTFB,140ebc69-0c27-4c91-be9c-c3c4c1645101
2022-07-08 14:23:40.198000,FR0011486067,Corporate bond,DIRECTION GENERALE DU TRESOR,1.75,2023-05-25,300000,EUR,101.231,PERC,,BTFE,BTFE,BLOOMBERG,1,D2C,MTF,DBFTFB,a3acf808-57fe-4027-8666-3175b1cd6cec
2022-07-08 13:18:07.922000,FR0011486067,Corporate bond,DIRECTION GENERALE DU TRESOR,1.75,2023-05-25,50000,EUR,101.245,PERC,,BTFE,BTFE,BLOOMBERG,1,D2C,MTF,DBFTFB,4d34a65f-db02-414f-96bd-a5e2377d8e53
2022-07-08 11:17:38.981000,FR0011486067,Corporate bond,DIRECTION GENERALE DU TRESOR,1.75,2023-05-25,1000000,EUR,101.222,PERC,,BTFE,BTFE,BLOOMBERG,1,D2C,MTF,DBFTFB,5d3a758f-959a-423a-a75d-3d76ffff9bb1
2022-07-08 09:24:57.781000,FR0011486067,Corporate bond,DIRECTION GENERALE DU TRESOR,1.75,2023-05-25,2200000,EUR,101.223,PERC,,BTFE,BTFE,BLOOMBERG,1,D2C,MTF,DBFTFB,95359078-f343-488c-b559-dea57b0b1416
2022-07-08 08:42:01.673000,FR0011486067,Corporate bond,DIRECTION GENERALE DU TRESOR,1.75,2023-05-25,226623,EUR,101.195,PERC,,BTFE,BTFE,BLOOMBERG,1,D2C,MTF,DBFTFB,174a571e-54b6-4e82-8d3b-2dba6cbad00e
2022-07-07 15:14:55.016000,FR0011486067,Corporate bond,DIRECTION GENERALE DU TRESOR,1.75,2023-05-25,30000,EUR,101.194,PERC,,BTFE,BTFE,BLOOMBERG,1,D2C,MTF,DBFTFB,8d1218f5-3346-4fb4-9249-4c2602ac040c
2022-07-07 15:14:54.099000,FR0011486067,Corporate bond,DIRECTION GENERALE DU TRESOR,1.75,2023-05-25,60000,EUR,101.208,PERC,,BTFE,BTFE,BLOOMBERG,1,D2C,MTF,DBFTFB,5319dedc-691e-4eb8-8836-a47bc0fb1d62
2022-07-07 12:50:13.128000,FR0011486067,Corporate bond,DIRECTION GENERALE DU TRESOR,1.75,2023-05-25,14000,EUR,101.219,PERC,,BTFE,BTFE,BLOOMBERG,1,D2C,MTF,DBFTFB,80e0eee6-df51-4561-9dc1-f5d9b18ca615
2022-07-06 15:34:08.282000,FR0011486067,Corporate bond,DIRECTION GENERALE DU TRESOR,1.75,2023-05-25,517000,EUR,101.307,PERC,,BTFE,BTFE,BLOOMBERG,1,D2C,MTF,DBFTFB,fa4ccb01-8371-484d-bd86-6d596eb52a2e
2022-07-06 15:11:48.021000,FR0011486067,Corporate bond,DIRECTION GENERALE DU TRESOR,1.75,2023-05-25,1041000,EUR,101.306,PERC,,BTFE,BTFE,BLOOMBERG,1,D2C,MTF,DBFTFB,4976e970-89a2-426a-8882-f026669d71a5
2022-07-06 13:44:06.278000,FR0011486067,Corporate bond,DIRECTION GENERALE DU TRESOR,1.75,2023-05-25,1200000,EUR,101.324,PERC,,BTFE,BTFE,BLOOMBERG,1,D2C,MTF,DBFTFB,b17647c2-eff8-4e0e-81d2-fa36c558f4c7
2022-07-06 09:52:29.484000,FR0011486067,Corporate bond,DIRECTION GENERALE DU TRESOR,1.75,2023-05-25,500000,EUR,101.307,PERC,,BTFE,BTFE,BLOOMBERG,1,D2C,MTF,DBFTFB,361d68b2-3c02-4a75-94b3-35fa687bf50c
2022-07-06 09:22:05.712000,FR0011486067,Corporate bond,DIRECTION GENERALE DU TRESOR,1.75,2023-05-25,36024,EUR,101.31,PERC,,BTFE,BTFE,BLOOMBERG,1,D2C,MTF,DBFTFB,476765e1-319d-41ac-8d28-dd0b1f4fd706
2022-07-05 15:03:22.407000,FR0011486067,Corporate bond,DIRECTION GENERALE DU TRESOR,1.75,2023-05-25,19657,EUR,101.302,PERC,,BTFE,BTFE,BLOOMBERG,1,D2C,MTF,DBFTFB,75b0e512-03e9-4957-af88-6b32f28c51b8
2022-07-05 11:33:41.278000,FR0011486067,Corporate bond,DIRECTION GENERALE DU TRESOR,1.75,2023-05-25,2000000,EUR,101.28,PERC,,BTFE,BTFE,BLOOMBERG,1,D2C,MTF,DBFTFB,e806885a-116a-4779-8280-f648458bd24b
2022-07-05 10:02:29.474000,FR0011486067,Corporate bond,DIRECTION GENERALE DU TRESOR,1.75,2023-05-25,300000,EUR,101.315,PERC,,BTFE,BTFE,BLOOMBERG,1,D2C,MTF,DBFTFB,799ced60-f9d0-45ce-9ac6-d65140c9a6e7
2022-07-05 07:33:28.275000,FR0011486067,Corporate bond,DIRECTION GENERALE DU TRESOR,1.75,2023-05-25,1300000,EUR,101.277,PERC,,BTFE,BTFE,BLOOMBERG,1,D2C,MTF,DBFTFB,51a45239-4071-41f1-af06-13a6d5402d47
2022-07-05 07:10:02.352000,FR0011486067,Corporate bond,DIRECTION GENERALE DU TRESOR,1.75,2023-05-25,1635200,EUR,101.261,PERC,,BTFE,BTFE,BLOOMBERG,1,D2C,MTF,DBFTFB,e91ae737-ee71-4138-8f81-2e945fe92e7e
2022-07-05 06:49:08.440313,FR0011486067,Corporate bond,DIRECTION GENERALE DU TRESOR,1.75,2023-05-25,226512847,EUR,101.27587,PERC,IDAF LRGS,BTFE,BTFE,BLOOMBERG,12,D2C,MTF,DBFTFB,
2022-07-04 15:15:05.757000,FR0011486067,Corporate bond,DIRECTION GENERALE DU TRESOR,1.75,2023-05-25,210000,EUR,101.246,PERC,,BTFE,BTFE,BLOOMBERG,1,D2C,MTF,DBFTFB,4b9fc372-7d42-42ec-a02b-2cbd6e62ed67
2022-07-04 14:57:51.683000,FR0011486067,Corporate bond,DIRECTION GENERALE DU TRESOR,1.75,2023-05-25,2000000,EUR,101.265,PERC,,BTFE,BTFE,BLOOMBERG,1,D2C,MTF,DBFTFB,cc97ee81-a6c0-4696-b1b7-efa02e6784cc
2022-07-04 14:32:07.972000,FR0011486067,Corporate bond,DIRECTION GENERALE DU TRESOR,1.75,2023-05-25,400000,EUR,101.265,PERC,,BTFE,BTFE,BLOOMBERG,1,D2C,MTF,DBFTFB,be7eff6e-b055-468e-83c8-2c250276fe82
2022-07-04 14:10:55.774000,FR0011486067,Corporate bond,DIRECTION GENERALE DU TRESOR,1.75,2023-05-25,500000,EUR,101.276,PERC,,BTFE,BTFE,BLOOMBERG,1,D2C,MTF,DBFTFB,37d81ee3-1d2e-488c-90b1-be38d1a27a4e
2022-07-04 13:15:06.779000,FR0011486067,Corporate bond,DIRECTION GENERALE DU TRESOR,1.75,2023-05-25,23803,EUR,101.266,PERC,,BTFE,BTFE,BLOOMBERG,1,D2C,MTF,DBFTFB,ee8cb578-3b5d-45dd-957c-5ae2d4803fa2
2022-07-04 11:52:55.380000,FR0011486067,Corporate bond,DIRECTION GENERALE DU TRESOR,1.75,2023-05-25,2000000,EUR,101.27,PERC,,BTFE,BTFE,BLOOMBERG,1,D2C,MTF,DBFTFB,34a77d76-56af-4eda-a977-8727aa5ba54f
2022-07-04 10:50:09.334000,FR0011486067,Corporate bond,DIRECTION GENERALE DU TRESOR,1.75,2023-05-25,11338,EUR,101.299,PERC,,BTFE,BTFE,BLOOMBERG,1,D2C,MTF,DBFTFB,deeed80c-5e31-4506-bc6b-3608188c1799
2022-07-04 08:31:26.762000,FR0011486067,Corporate bond,DIRECTION GENERALE DU TRESOR,1.75,2023-05-25,103878,EUR,101.255,PERC,,BTFE,BTFE,BLOOMBERG,1,D2C,MTF,DBFTFB,f49ada46-2738-409b-9253-c9146754b7ae
2022-07-01 15:14:59.500000,FR0011486067,Corporate bond,DIRECTION GENERALE DU TRESOR,1.75,2023-05-25,100000,EUR,101.353,PERC,,BTFE,BTFE,BLOOMBERG,1,D2C,MTF,DBFTFB,e2a5e4f9-81ab-4072-bac9-2f38d6cec20e
2022-07-01 13:15:02.319000,FR0011486067,Corporate bond,DIRECTION GENERALE DU TRESOR,1.75,2023-05-25,321000,EUR,101.368,PERC,,BTFE,BTFE,BLOOMBERG,1,D2C,MTF,DBFTFB,5be37b86-c098-44b4-97c8-42786f4b2dc6
2022-07-01 07:17:00.086000,FR0011486067,Corporate bond,DIRECTION GENERALE DU TRESOR,1.75,2023-05-25,2000000,EUR,101.305,PERC,,BTFE,BTFE,BLOOMBERG,1,D2C,MTF,DBFTFB,8d0a9098-1986-45d6-a2eb-97b45652c6f6
2022-06-30 15:11:15.500000,FR0011486067,Corporate bond,DIRECTION GENERALE DU TRESOR,1.75,2023-05-25,324000,EUR,101.293,PERC,,BTFE,BTFE,BLOOMBERG,1,D2C,MTF,DBFTFB,b7321b27-4f37-4099-ad6c-e5c998cc1503
2022-06-30 15:06:30.577000,FR0011486067,Corporate bond,DIRECTION GENERALE DU TRESOR,1.75,2023-05-25,2500000,EUR,101.291,PERC,,BTFE,BTFE,BLOOMBERG,1,D2C,MTF,DBFTFB,a0bf7a8d-f61e-4edd-ab4a-90bce1ad2a4f
2022-06-30 14:39:45.227000,FR0011486067,Corporate bond,DIRECTION GENERALE DU TRESOR,1.75,2023-05-25,300000,EUR,101.297,PERC,,BTFE,BTFE,BLOOMBERG,1,D2C,MTF,DBFTFB,4478634b-1656-47a0-89c0-c2beed5e8765
2022-06-30 14:01:05.718000,FR0011486067,Corporate bond,DIRECTION GENERALE DU TRESOR,1.75,2023-05-25,650000,EUR,101.288,PERC,,BTFE,BTFE,BLOOMBERG,1,D2C,MTF,DBFTFB,2c566dde-60c6-473c-92a8-9a286df3e688
2022-06-30 13:32:06.148000,FR0011486067,Corporate bond,DIRECTION GENERALE DU TRESOR,1.75,2023-05-25,72000,EUR,101.28,PERC,,BTFE,BTFE,BLOOMBERG,1,D2C,MTF,DBFTFB,51e40f53-bd0f-4d1f-aa50-e2c626ee004c
2022-06-30 13:03:59.058000,FR0011486067,Corporate bond,DIRECTION GENERALE DU TRESOR,1.75,2023-05-25,350000,EUR,101.301,PERC,,BTFE,BTFE,BLOOMBERG,1,D2C,MTF,DBFTFB,6ee09eda-f6b5-40c8-9221-c60ed60f0396
2022-06-30 09:22:59.597000,FR0011486067,Corporate bond,DIRECTION GENERALE DU TRESOR,1.75,2023-05-25,2289,EUR,101.287,PERC,,BTFE,BTFE,BLOOMBERG,1,D2C,MTF,DBFTFB,6e38be8f-2e3c-45e4-8eaf-c99ed6e1fd89
2022-06-30 09:22:58.247000,FR0011486067,Corporate bond,DIRECTION GENERALE DU TRESOR,1.75,2023-05-25,238501,EUR,101.289,PERC,,BTFE,BTFE,BLOOMBERG,1,D2C,MTF,DBFTFB,4e364059-8940-4048-8419-26e4113a17b0
2022-06-29 15:15:18.167000,FR0011486067,Corporate bond,DIRECTION GENERALE DU TRESOR,1.75,2023-05-25,100000,EUR,101.269,PERC,,BTFE,BTFE,BLOOMBERG,1,D2C,MTF,DBFTFB,afb5d5d1-7e7b-4baf-abf9-59f215528a15
2022-06-29 15:12:10.448000,FR0011486067,Corporate bond,DIRECTION GENERALE DU TRESOR,1.75,2023-05-25,10000,EUR,101.266,PERC,,BTFE,BTFE,BLOOMBERG,1,D2C,MTF,DBFTFB,451074fc-e585-4c04-90f3-13033763086e
2022-06-29 12:42:24.232000,FR0011486067,Corporate bond,DIRECTION GENERALE DU TRESOR,1.75,2023-05-25,342451,EUR,101.241,PERC,,BTFE,BTFE,BLOOMBERG,1,D2C,MTF,DBFTFB,21044be6-b7b1-4002-95c8-53c2be59a27b
2022-06-29 12:14:15.978000,FR0011486067,Corporate bond,DIRECTION GENERALE DU TRESOR,1.75,2023-05-25,500000,EUR,101.243,PERC,,BTFE,BTFE,BLOOMBERG,1,D2C,MTF,DBFTFB,0f7ddfa9-eb28-4400-b48e-76d903811e01
2022-06-29 09:12:24.451000,FR0011486067,Corporate bond,DIRECTION GENERALE DU TRESOR,1.75,2023-05-25,82364,EUR,101.243,PERC,,BTFE,BTFE,BLOOMBERG,1,D2C,MTF,DBFTFB,2c825960-f3ac-4e13-8458-ea17ce19b741
2022-06-28 15:02:14.808000,FR0011486067,Corporate bond,DIRECTION GENERALE DU TRESOR,1.75,2023-05-25,540000,EUR,101.214,PERC,,BTFE,BTFE,BLOOMBERG,1,D2C,MTF,DBFTFB,1168dc69-f0d3-411f-b389-53b34596398b
2022-06-28 14:46:14.196000,FR0011486067,Corporate bond,DIRECTION GENERALE DU TRESOR,1.75,2023-05-25,49000,EUR,101.212,PERC,,BTFE,BTFE,BLOOMBERG,1,D2C,MTF,DBFTFB,1c73669e-00c9-46e1-b615-ec6984d2d19e
2022-06-28 08:44:28.586000,FR0011486067,Corporate bond,DIRECTION GENERALE DU TRESOR,1.75,2023-05-25,59827,EUR,101.216,PERC,,BTFE,BTFE,BLOOMBERG,1,D2C,MTF,DBFTFB,b805fda0-125c-4815-9f89-da42b3ecf7b7
2022-06-28 06:53:06.334690,FR0011486067,Corporate bond,DIRECTION GENERALE DU TRESOR,1.75,2023-05-25,223419145,EUR,101.221284,PERC,IDAF SIZE,BTFE,BTFE,BLOOMBERG,16,D2C,MTF,DBFTFB,
2022-06-27 15:37:38.870000,FR0011486067,Corporate bond,DIRECTION GENERALE DU TRESOR,1.75,2023-05-25,200000,EUR,101.242,PERC,,BTFE,BTFE,BLOOMBERG,1,D2C,MTF,DBFTFB,7ab58bb2-84fd-49d2-a526-01cb4334a635
2022-06-27 15:15:30.801000,FR0011486067,Corporate bond,DIRECTION GENERALE DU TRESOR,1.75,2023-05-25,200000,EUR,101.251,PERC,,BTFE,BTFE,BLOOMBERG,1,D2C,MTF,DBFTFB,230b3631-371e-4772-9160-700f1ebe2c89
2022-06-27 11:13:47.957000,FR0011486067,Corporate bond,DIRECTION GENERALE DU TRESOR,1.75,2023-05-25,5000,EUR,101.235,PERC,,BTFE,BTFE,BLOOMBERG,1,D2C,MTF,DBFTFB,c8d962ae-686a-4ffa-977e-16787cc1c64c
2022-06-27 08:37:52.290000,FR0011486067,Corporate bond,DIRECTION GENERALE DU TRESOR,1.75,2023-05-25,48975,EUR,101.272,PERC,,BTFE,BTFE,BLOOMBERG,1,D2C,MTF,DBFTFB,5f5a1193-ac02-47ca-b919-3088cb167209
2022-06-27 08:04:30.513000,FR0011486067,Corporate bond,DIRECTION GENERALE DU TRESOR,1.75,2023-05-25,25752,EUR,101.277,PERC,,BTFE,BTFE,BLOOMBERG,1,D2C,MTF,DBFTFB,0df845c2-9cff-463a-962d-caa2fe928522
2022-06-24 13:31:51.233000,FR0011486067,Corporate bond,DIRECTION GENERALE DU TRESOR,1.75,2023-05-25,1300000,EUR,101.29,PERC,,BTFE,BTFE,BLOOMBERG,1,D2C,MTF,DBFTFB,cb63e34d-e110-463c-bef9-3968fa4771e2
2022-06-24 12:34:59.232000,FR0011486067,Corporate bond,DIRECTION GENERALE DU TRESOR,1.75,2023-05-25,136971,EUR,101.289,PERC,,BTFE,BTFE,BLOOMBERG,1,D2C,MTF,DBFTFB,08526663-4096-4c4d-a933-de496b9ee3df
2022-06-24 11:22:59.399000,FR0011486067,Corporate bond,DIRECTION GENERALE DU TRESOR,1.75,2023-05-25,7000,EUR,101.355,PERC,,BTFE,BTFE,BLOOMBERG,1,D2C,MTF,DBFTFB,9b468f2a-68a1-4e19-b037-320bece1cd24
2022-06-24 10:29:38.672000,FR0011486067,Corporate bond,DIRECTION GENERALE DU TRESOR,1.75,2023-05-25,191,EUR,101.276,PERC,,BTFE,BTFE,BLOOMBERG,1,D2C,MTF,DBFTFB,6ff6f572-fc25-4d5d-bd90-68db3a6391f1
2022-06-24 09:39:30.231000,FR0011486067,Corporate bond,DIRECTION GENERALE DU TRESOR,1.75,2023-05-25,78178,EUR,101.278,PERC,,BTFE,BTFE,BLOOMBERG,1,D2C,MTF,DBFTFB,cb49e1e3-5c13-44c6-9396-8ca2d91d2472
2022-06-24 08:32:16.896000,FR0011486067,Corporate bond,DIRECTION GENERALE DU TRESOR,1.75,2023-05-25,21177,EUR,101.309,PERC,,BTFE,BTFE,BLOOMBERG,1,D2C,MTF,DBFTFB,1cbbef38-f092-4f26-8397-e5f2f0d7102a
2022-06-23 15:10:17.104000,FR0011486067,Corporate bond,DIRECTION GENERALE DU TRESOR,1.75,2023-05-25,207000,EUR,101.303,PERC,,BTFE,BTFE,BLOOMBERG,1,D2C,MTF,DBFTFB,1fb6e557-b315-4ba3-9996-0a80b15119d6
2022-06-23 14:43:36.533000,FR0011486067,Corporate bond,DIRECTION GENERALE DU TRESOR,1.75,2023-05-25,18609,EUR,101.304,PERC,,BTFE,BTFE,BLOOMBERG,1,D2C,MTF,DBFTFB,313cd45f-b54f-477a-b696-3090921cffb1
2022-06-23 08:50:46.040000,FR0011486067,Corporate bond,DIRECTION GENERALE DU TRESOR,1.75,2023-05-25,35098,EUR,101.279,PERC,,BTFE,BTFE,BLOOMBERG,1,D2C,MTF,DBFTFB,4e52e90e-62f4-47c4-8c8e-9ce4ddf13061
2022-06-23 08:40:25.189000,FR0011486067,Corporate bond,DIRECTION GENERALE DU TRESOR,1.75,2023-05-25,28934,EUR,101.28,PERC,,BTFE,BTFE,BLOOMBERG,1,D2C,MTF,DBFTFB,39310304-d59c-4486-a27b-6fcfc2f1757b
2022-06-23 08:40:23.028000,FR0011486067,Corporate bond,DIRECTION GENERALE DU TRESOR,1.75,2023-05-25,81587,EUR,101.26,PERC,,BTFE,BTFE,BLOOMBERG,1,D2C,MTF,DBFTFB,146788bd-73e6-444d-b0b9-4819c16ecf17
2022-06-22 15:20:47.394000,FR0011486067,Corporate bond,DIRECTION GENERALE DU TRESOR,1.75,2023-05-25,606000,EUR,101.213,PERC,,BTFE,BTFE,BLOOMBERG,1,D2C,MTF,DBFTFB,fe74c207-fdf6-48c4-ac1c-7b03ad7c02cc
2022-06-22 14:16:01.950000,FR0011486067,Corporate bond,DIRECTION GENERALE DU TRESOR,1.75,2023-05-25,2500000,EUR,101.214,PERC,,BTFE,BTFE,BLOOMBERG,1,D2C,MTF,DBFTFB,168a2057-b38d-431d-8b39-bd2c8bd61c34
2022-06-22 13:05:23.069000,FR0011486067,Corporate bond,DIRECTION GENERALE DU TRESOR,1.75,2023-05-25,1000000,EUR,101.219,PERC,,BTFE,BTFE,BLOOMBERG,1,D2C,MTF,DBFTFB,b9727c35-a0f6-4b81-a4e2-620515497edd
2022-06-22 12:34:29.669000,FR0011486067,Corporate bond,DIRECTION GENERALE DU TRESOR,1.75,2023-05-25,300000,EUR,101.204,PERC,,BTFE,BTFE,BLOOMBERG,1,D2C,MTF,DBFTFB,425e9549-b61f-44ca-9fad-de6d8b5140e1
2022-06-22 09:52:44.253000,FR0011486067,Corporate bond,DIRECTION GENERALE DU TRESOR,1.75,2023-05-25,30062,EUR,101.212,PERC,,BTFE,BTFE,BLOOMBERG,1,D2C,MTF,DBFTFB,9e456ebf-c7a8-4af7-9608-c6d416e572de
2022-06-22 07:13:35.443000,FR0011486067,Corporate bond,DIRECTION GENERALE DU TRESOR,1.75,2023-05-25,200000,EUR,101.203,PERC,,BTFE,BTFE,BLOOMBERG,1,D2C,MTF,DBFTFB,8d08280f-1371-47c9-8243-b9600b12fb27
2022-06-21 15:15:09.475000,FR0011486067,Corporate bond,DIRECTION GENERALE DU TRESOR,1.75,2023-05-25,580000,EUR,101.153,PERC,,BTFE,BTFE,BLOOMBERG,1,D2C,MTF,DBFTFB,08a04c8f-59ec-4e9b-b134-73d9b9e96bcb
2022-06-21 11:18:02.217000,FR0011486067,Corporate bond,DIRECTION GENERALE DU TRESOR,1.75,2023-05-25,23000,EUR,101.178,PERC,,BTFE,BTFE,BLOOMBERG,1,D2C,MTF,DBFTFB,ec6eb64e-ef21-4679-8dc1-2dd2374a326f
2022-06-21 10:50:04.632000,FR0011486067,Corporate bond,DIRECTION GENERALE DU TRESOR,1.75,2023-05-25,1000,EUR,101.192,PERC,,BTFE,BTFE,BLOOMBERG,1,D2C,MTF,DBFTFB,5d867dcc-3100-4e71-a195-1c77274a2faf
2022-06-21 10:18:05.271000,FR0011486067,Corporate bond,DIRECTION GENERALE DU TRESOR,1.75,2023-05-25,23719,EUR,101.175,PERC,,BTFE,BTFE,BLOOMBERG,1,D2C,MTF,DBFTFB,46b02120-b5a3-472d-98a9-6a880992cd50
2022-06-21 08:54:14.712000,FR0011486067,Corporate bond,DIRECTION GENERALE DU TRESOR,1.75,2023-05-25,81847,EUR,101.207,PERC,,BTFE,BTFE,BLOOMBERG,1,D2C,MTF,DBFTFB,25c59ad3-93c3-400a-a265-692b4529b3e5
2022-06-21 08:47:30.638000,FR0011486067,Corporate bond,DIRECTION GENERALE DU TRESOR,1.75,2023-05-25,34966,EUR,101.182,PERC,,BTFE,BTFE,BLOOMBERG,1,D2C,MTF,DBFTFB,b15ce2d8-64a3-4f14-8888-cfc2d20706c4
2022-06-21 06:51:33.651357,FR0011486067,Corporate bond,DIRECTION GENERALE DU TRESOR,1.75,2023-05-25,51900000,EUR,101.151281,PERC,IDAF LRGS,BTFE,BTFE,BLOOMBERG,7,D2C,MTF,DBFTFB,
2022-06-20 12:53:31.407000,FR0011486067,Corporate bond,DIRECTION GENERALE DU TRESOR,1.75,2023-05-25,600000,EUR,101.185,PERC,,BTFE,BTFE,BLOOMBERG,1,D2C,MTF,DBFTFB,d29ba98c-be47-4ba1-80b7-b767a13f0952
2022-06-20 12:22:18.791000,FR0011486067,Corporate bond,DIRECTION GENERALE DU TRESOR,1.75,2023-05-25,1000000,EUR,101.204,PERC,,BTFE,BTFE,BLOOMBERG,1,D2C,MTF,DBFTFB,fc6e0871-3b5e-4425-80b3-619045289ba0
2022-06-20 12:18:21.413000,FR0011486067,Corporate bond,DIRECTION GENERALE DU TRESOR,1.75,2023-05-25,14359,EUR,101.222,PERC,,BTFE,BTFE,BLOOMBERG,1,D2C,MTF,DBFTFB,3ee80b3f-6ee1-47e5-99f9-05f4210219b7
2022-06-17 13:34:57.502000,FR0011486067,Corporate bond,DIRECTION GENERALE DU TRESOR,1.75,2023-05-25,81976,EUR,101.184,PERC,,BTFE,BTFE,BLOOMBERG,1,D2C,MTF,DBFTFB,b6eab563-ad3b-411f-85ee-cb53d740be19
2022-06-17 13:02:22.819000,FR0011486067,Corporate bond,DIRECTION GENERALE DU TRESOR,1.75,2023-05-25,1782246,EUR,101.178,PERC,,BTFE,BTFE,BLOOMBERG,1,D2C,MTF,DBFTFB,05408ea6-f1d5-46ef-83b2-6fc612b2a963
2022-06-17 12:55:16.451000,FR0011486067,Corporate bond,DIRECTION GENERALE DU TRESOR,1.75,2023-05-25,5000,EUR,101.176,PERC,,BTFE,BTFE,BLOOMBERG,1,D2C,MTF,DBFTFB,a4b70d0a-25f2-47dd-b66b-8a2d2713914b
2022-06-17 10:18:13.443000,FR0011486067,Corporate bond,DIRECTION GENERALE DU TRESOR,1.75,2023-05-25,153113,EUR,101.151,PERC,,BTFE,BTFE,BLOOMBERG,1,D2C,MTF,DBFTFB,5de8a6ab-6f25-4568-a076-92934c406553
2022-06-16 15:13:07.715000,FR0011486067,Corporate bond,DIRECTION GENERALE DU TRESOR,1.75,2023-05-25,6000,EUR,101.13,PERC,,BTFE,BTFE,BLOOMBERG,1,D2C,MTF,DBFTFB,10b40f8a-3fdf-4713-894b-261105c0465f
2022-06-16 15:09:29.954000,FR0011486067,Corporate bond,DIRECTION GENERALE DU TRESOR,1.75,2023-05-25,98682,EUR,101.142,PERC,,BTFE,BTFE,BLOOMBERG,1,D2C,MTF,DBFTFB,83cdf78c-82ae-4c89-a90e-0c4ba1737dcd
2022-06-16 14:03:07.709000,FR0011486067,Corporate bond,DIRECTION GENERALE DU TRESOR,1.75,2023-05-25,500000,EUR,101.112,PERC,,BTFE,BTFE,BLOOMBERG,1,D2C,MTF,DBFTFB,2978bb9b-6a98-44f0-82cf-00f03a99755c
2022-06-16 12:50:46.743000,FR0011486067,Corporate bond,DIRECTION GENERALE DU TRESOR,1.75,2023-05-25,82886,EUR,101.129,PERC,,BTFE,BTFE,BLOOMBERG,1,D2C,MTF,DBFTFB,7969c903-adce-4efe-89b4-0be5cfec0ee3
2022-06-16 08:29:38.644000,FR0011486067,Corporate bond,DIRECTION GENERALE DU TRESOR,1.75,2023-05-25,182395,EUR,101.171,PERC,,BTFE,BTFE,BLOOMBERG,1,D2C,MTF,DBFTFB,00c4f0ca-df51-4873-9b1b-ff4f0a6262cf
2022-06-16 08:29:25.888000,FR0011486067,Corporate bond,DIRECTION GENERALE DU TRESOR,1.75,2023-05-25,203157,EUR,101.138,PERC,,BTFE,BTFE,BLOOMBERG,1,D2C,MTF,DBFTFB,4ba1375f-e7c5-4a28-85e5-1986fcfe97e5
2022-06-15 15:15:20.580000,FR0011486067,Corporate bond,DIRECTION GENERALE DU TRESOR,1.75,2023-05-25,220000,EUR,101.186,PERC,,BTFE,BTFE,BLOOMBERG,1,D2C,MTF,DBFTFB,011aa5d4-8a88-4564-8e3c-9ffe1cedb626
2022-06-15 14:50:49.758000,FR0011486067,Corporate bond,DIRECTION GENERALE DU TRESOR,1.75,2023-05-25,266000,EUR,101.195,PERC,,BTFE,BTFE,BLOOMBERG,1,D2C,MTF,DBFTFB,3e439427-4dd3-45c6-993d-f51dfc3a03a4
2022-06-15 13:07:24.517000,FR0011486067,Corporate bond,DIRECTION GENERALE DU TRESOR,1.75,2023-05-25,281000,EUR,101.179,PERC,,BTFE,BTFE,BLOOMBERG,1,D2C,MTF,DBFTFB,44160967-0329-46b5-8f26-fd7ec7799335
2022-06-15 12:55:27.988000,FR0011486067,Corporate bond,DIRECTION GENERALE DU TRESOR,1.75,2023-05-25,81915,EUR,101.174,PERC,,BTFE,BTFE,BLOOMBERG,1,D2C,MTF,DBFTFB,053f135b-6fd8-476d-a28e-b0d49fe03602
2022-06-15 09:54:38.503000,FR0011486067,Corporate bond,DIRECTION GENERALE DU TRESOR,1.75,2023-05-25,200000,EUR,101.125,PERC,,BTFE,BTFE,BLOOMBERG,1,D2C,MTF,DBFTFB,b089bd80-60de-4a9a-aed5-3b54f367f3ca
2022-06-15 08:31:34.311000,FR0011486067,Corporate bond,DIRECTION GENERALE DU TRESOR,1.75,2023-05-25,1026000,EUR,101.119,PERC,,BTFE,BTFE,BLOOMBERG,1,D2C,MTF,DBFTFB,b6db4f56-b02e-43d2-8c2f-e7cf4c95aa80
2022-06-14 13:53:08.273000,FR0011486067,Corporate bond,DIRECTION GENERALE DU TRESOR,1.75,2023-05-25,266000,EUR,101.169,PERC,,BTFE,BTFE,BLOOMBERG,1,D2C,MTF,DBFTFB,54c467a4-4b01-4bd0-8ab2-e95ee9a1c4df
2022-06-14 12:13:51.365000,FR0011486067,Corporate bond,DIRECTION GENERALE DU TRESOR,1.75,2023-05-25,45000,EUR,101.147,PERC,,BTFE,BTFE,BLOOMBERG,1,D2C,MTF,DBFTFB,74ab7eeb-1e03-467d-963c-ec6a3613f4c4
2022-06-14 11:08:36.751000,FR0011486067,Corporate bond,DIRECTION GENERALE DU TRESOR,1.75,2023-05-25,1000,EUR,101.162,PERC,,BTFE,BTFE,BLOOMBERG,1,D2C,MTF,DBFTFB,da66388f-be11-4b34-8757-2597be9976a1
2022-06-14 08:34:09.082000,FR0011486067,Corporate bond,DIRECTION GENERALE DU TRESOR,1.75,2023-05-25,6594,EUR,101.177,PERC,,BTFE,BTFE,BLOOMBERG,1,D2C,MTF,DBFTFB,5a4f9ec4-424d-4d3a-82f4-9e714dfc7e99
2022-06-14 08:34:03.369000,FR0011486067,Corporate bond,DIRECTION GENERALE DU TRESOR,1.75,2023-05-25,514,EUR,101.144,PERC,,BTFE,BTFE,BLOOMBERG,1,D2C,MTF,DBFTFB,14bfd69a-3598-4ee4-80a1-85d2d22be3cf
2022-06-14 06:48:15.036416,FR0011486067,Corporate bond,DIRECTION GENERALE DU TRESOR,1.75,2023-05-25,92815000,EUR,101.40018,PERC,IDAF SIZE,BTFE,BTFE,BLOOMBERG,8,D2C,MTF,DBFTFB,
2022-06-13 13:45:47.245000,FR0011486067,Corporate bond,DIRECTION GENERALE DU TRESOR,1.75,2023-05-25,10638,EUR,101.204,PERC,,BTFE,BTFE,BLOOMBERG,1,D2C,MTF,DBFTFB,00d87f02-42fe-4056-bc9c-02fb6af32050
2022-06-13 11:15:24.484000,FR0011486067,Corporate bond,DIRECTION GENERALE DU TRESOR,1.75,2023-05-25,595000,EUR,101.225,PERC,,BTFE,BTFE,BLOOMBERG,1,D2C,MTF,DBFTFB,7379f81f-b3d3-485c-8d87-5a63dc8b64c1
2022-06-13 10:20:20.703000,FR0011486067,Corporate bond,DIRECTION GENERALE DU TRESOR,1.75,2023-05-25,2000000,EUR,101.229,PERC,,BTFE,BTFE,BLOOMBERG,1,D2C,MTF,DBFTFB,150a21d5-cb30-47c4-baaa-f138a40fc067
2022-06-10 15:27:04.123000,FR0011486067,Corporate bond,DIRECTION GENERALE DU TRESOR,1.75,2023-05-25,205000,EUR,101.275,PERC,,BTFE,BTFE,BLOOMBERG,1,D2C,MTF,DBFTFB,5c31ff2d-2566-45da-8c80-e1b66530782e
2022-06-10 15:14:48.505000,FR0011486067,Corporate bond,DIRECTION GENERALE DU TRESOR,1.75,2023-05-25,2000,EUR,101.301,PERC,,BTFE,BTFE,BLOOMBERG,1,D2C,MTF,DBFTFB,676411e0-1d86-42cf-9411-f30a69fc2e9b
2022-06-10 14:38:24.276000,FR0011486067,Corporate bond,DIRECTION GENERALE DU TRESOR,1.75,2023-05-25,43000,EUR,101.275,PERC,,BTFE,BTFE,BLOOMBERG,1,D2C,MTF,DBFTFB,1aa3ae26-0b54-46d0-854c-c37dce0837d1
2022-06-10 09:29:17.526000,FR0011486067,Corporate bond,DIRECTION GENERALE DU TRESOR,1.75,2023-05-25,500000,EUR,101.345,PERC,,BTFE,BTFE,BLOOMBERG,1,D2C,MTF,DBFTFB,5f16204b-f5ee-46a9-aaa9-a2d438e2ba9e
2022-06-09 14:39:15.889000,FR0011486067,Corporate bond,DIRECTION GENERALE DU TRESOR,1.75,2023-05-25,2000000,EUR,101.381,PERC,,BTFE,BTFE,BLOOMBERG,1,D2C,MTF,DBFTFB,dd59e2c0-f1ea-4264-b95f-28430927c34f
2022-06-09 13:09:38.531000,FR0011486067,Corporate bond,DIRECTION GENERALE DU TRESOR,1.75,2023-05-25,30000,EUR,101.38,PERC,,BTFE,BTFE,BLOOMBERG,1,D2C,MTF,DBFTFB,edc47922-d48b-4dbc-8be8-5806a28248ba
2022-06-09 10:09:08.388000,FR0011486067,Corporate bond,DIRECTION GENERALE DU TRESOR,1.75,2023-05-25,2000,EUR,101.443,PERC,,BTFE,BTFE,BLOOMBERG,1,D2C,MTF,DBFTFB,44aa1ecb-396c-4ea4-a353-7d1324829b2b
2022-06-09 09:43:39.031000,FR0011486067,Corporate bond,DIRECTION GENERALE DU TRESOR,1.75,2023-05-25,200000,EUR,101.438,PERC,,BTFE,BTFE,BLOOMBERG,1,D2C,MTF,DBFTFB,74bbefaa-af1f-47ea-922c-6a2478d6774c
2022-06-09 09:27:50.385000,FR0011486067,Corporate bond,DIRECTION GENERALE DU TRESOR,1.75,2023-05-25,319000,EUR,101.433,PERC,,BTFE,BTFE,BLOOMBERG,1,D2C,MTF,DBFTFB,ccfedc09-bb10-49ad-902e-cdf5af95245b
2022-06-08 15:44:18.107000,FR0011486067,Corporate bond,DIRECTION GENERALE DU TRESOR,1.75,2023-05-25,2200000,EUR,101.45,PERC,,BTFE,BTFE,BLOOMBERG,1,D2C,MTF,DBFTFB,03a30d80-42f4-4b30-a4f4-bffc9f6cde60
2022-06-08 15:15:46.965000,FR0011486067,Corporate bond,DIRECTION GENERALE DU TRESOR,1.75,2023-05-25,30000,EUR,101.465,PERC,,BTFE,BTFE,BLOOMBERG,1,D2C,MTF,DBFTFB,966fa854-55f7-434f-9d01-93a637df61e5
2022-06-08 15:15:40.233000,FR0011486067,Corporate bond,DIRECTION GENERALE DU TRESOR,1.75,2023-05-25,100000,EUR,101.434,PERC,,BTFE,BTFE,BLOOMBERG,1,D2C,MTF,DBFTFB,06f4a5c2-ecc9-4583-8f65-808f021efdb4
2022-06-08 13:13:40.648000,FR0011486067,Corporate bond,DIRECTION GENERALE DU TRESOR,1.75,2023-05-25,380000,EUR,101.439,PERC,,BTFE,BTFE,BLOOMBERG,1,D2C,MTF,DBFTFB,a5816c2a-547c-4110-9d54-be81acdb500e
2022-06-07 15:15:30.462000,FR0011486067,Corporate bond,DIRECTION GENERALE DU TRESOR,1.75,2023-05-25,800000,EUR,101.488,PERC,,BTFE,BTFE,BLOOMBERG,1,D2C,MTF,DBFTFB,b8bb4559-c4c6-4205-99e9-b44eed95758c
2022-06-07 14:01:55.168000,FR0011486067,Corporate bond,DIRECTION GENERALE DU TRESOR,1.75,2023-05-25,1500000,EUR,101.496,PERC,,BTFE,BTFE,BLOOMBERG,1,D2C,MTF,DBFTFB,ac20ec59-848a-4415-a6f9-67068d275034
2022-06-07 13:51:27.402000,FR0011486067,Corporate bond,DIRECTION GENERALE DU TRESOR,1.75,2023-05-25,18000,EUR,101.51,PERC,,BTFE,BTFE,BLOOMBERG,1,D2C,MTF,DBFTFB,5f47812b-c436-402a-be23-e472883e9227
2022-06-07 12:00:52.952000,FR0011486067,Corporate bond,DIRECTION GENERALE DU TRESOR,1.75,2023-05-25,400000,EUR,101.489,PERC,,BTFE,BTFE,BLOOMBERG,1,D2C,MTF,DBFTFB,9b1852dc-1504-41ed-bd30-6611e6786eca
2022-06-07 11:02:24.751000,FR0011486067,Corporate bond,DIRECTION GENERALE DU TRESOR,1.75,2023-05-25,500000,EUR,101.487,PERC,,BTFE,BTFE,BLOOMBERG,1,D2C,MTF,DBFTFB,a8d46332-8b23-400f-b0ae-e07de060e4c3
2022-06-07 06:46:51.646799,FR0011486067,Corporate bond,DIRECTION GENERALE DU TRESOR,1.75,2023-05-25,80139000,EUR,101.54138,PERC,IDAF SIZE,BTFE,BTFE,BLOOMBERG,7,D2C,MTF,DBFTFB,
2022-06-03 12:41:11.583000,FR0011486067,Corporate bond,DIRECTION GENERALE DU TRESOR,1.75,2023-05-25,1000,EUR,101.501,PERC,,BTFE,BTFE,BLOOMBERG,1,D2C,MTF,DBFTFB,70beceb6-4680-4d63-8d94-4781cb2038bd
2022-06-03 12:15:49.604000,FR0011486067,Corporate bond,DIRECTION GENERALE DU TRESOR,1.75,2023-05-25,900000,EUR,101.501,PERC,,BTFE,BTFE,BLOOMBERG,1,D2C,MTF,DBFTFB,41dc51d0-0b19-4b2a-a53b-00bef6765ce9
2022-06-03 10:23:14.190000,FR0011486067,Corporate bond,DIRECTION GENERALE DU TRESOR,1.75,2023-05-25,300000,EUR,101.497,PERC,,BTFE,BTFE,BLOOMBERG,1,D2C,MTF,DBFTFB,e79120d3-650a-4cd4-acaa-c070c668822c
2022-06-02 12:45:48.426000,FR0011486067,Corporate bond,DIRECTION GENERALE DU TRESOR,1.75,2023-05-25,500000,EUR,101.544,PERC,,BTFE,BTFE,BLOOMBERG,1,D2C,MTF,DBFTFB,19ce1ea7-8a5c-4054-8868-6784d922e2e7
2022-06-02 07:38:20.892000,FR0011486067,Corporate bond,DIRECTION GENERALE DU TRESOR,1.75,2023-05-25,750000,EUR,101.546,PERC,,BTFE,BTFE,BLOOMBERG,1,D2C,MTF,DBFTFB,6830c66f-f01f-492a-a18e-2999b00bb8cf
2022-06-01 15:09:42.158000,FR0011486067,Corporate bond,DIRECTION GENERALE DU TRESOR,1.75,2023-05-25,84000,EUR,101.58,PERC,,BTFE,BTFE,BLOOMBERG,1,D2C,MTF,DBFTFB,8240566f-4cb4-4a23-a5b8-bd059ceefa92
2022-06-01 14:13:54.071000,FR0011486067,Corporate bond,DIRECTION GENERALE DU TRESOR,1.75,2023-05-25,1000000,EUR,101.575,PERC,,BTFE,BTFE,BLOOMBERG,1,D2C,MTF,DBFTFB,23c4820d-0dde-4690-85f1-8dbf4134cd1a
2022-06-01 10:20:50.806000,FR0011486067,Corporate bond,DIRECTION GENERALE DU TRESOR,1.75,2023-05-25,70000,EUR,101.572,PERC,,BTFE,BTFE,BLOOMBERG,1,D2C,MTF,DBFTFB,267fdef4-85ca-40eb-8985-e49b0a97e776
2022-06-01 09:35:46.980000,FR0011486067,Corporate bond,DIRECTION GENERALE DU TRESOR,1.75,2023-05-25,19000,EUR,101.572,PERC,,BTFE,BTFE,BLOOMBERG,1,D2C,MTF,DBFTFB,13478277-0cd2-42f1-a7ed-38b74eadaffc
2022-05-31 15:22:34.599000,FR0011486067,Corporate bond,DIRECTION GENERALE DU TRESOR,1.75,2023-05-25,613019,EUR,101.585,PERC,,BTFE,BTFE,BLOOMBERG,1,D2C,MTF,DBFTFB,391e7945-42e6-4e79-abcc-3fac8bb62a2d
2022-05-31 15:17:14.167000,FR0011486067,Corporate bond,DIRECTION GENERALE DU TRESOR,1.75,2023-05-25,100000,EUR,101.576,PERC,,BTFE,BTFE,BLOOMBERG,1,D2C,MTF,DBFTFB,347489ab-7548-4a89-a778-1bd5fa489653
2022-05-31 15:17:06.317000,FR0011486067,Corporate bond,DIRECTION GENERALE DU TRESOR,1.75,2023-05-25,100000,EUR,101.579,PERC,,BTFE,BTFE,BLOOMBERG,1,D2C,MTF,DBFTFB,b28dc721-de0d-426b-b144-6104ec723fa7
2022-05-31 15:11:12.728000,FR0011486067,Corporate bond,DIRECTION GENERALE DU TRESOR,1.75,2023-05-25,1000000,EUR,101.579,PERC,,BTFE,BTFE,BLOOMBERG,1,D2C,MTF,DBFTFB,ac4d5e2a-376a-4d0a-a6a9-2d336bb90c7f
2022-05-31 15:01:25.731000,FR0011486067,Corporate bond,DIRECTION GENERALE DU TRESOR,1.75,2023-05-25,1330000,EUR,101.575,PERC,,BTFE,BTFE,BLOOMBERG,1,D2C,MTF,DBFTFB,97b84d6e-d29f-4083-a0ec-d61f82558a15
2022-05-31 11:20:10.863000,FR0011486067,Corporate bond,DIRECTION GENERALE DU TRESOR,1.75,2023-05-25,366000,EUR,101.606,PERC,,BTFE,BTFE,BLOOMBERG,1,D2C,MTF,DBFTFB,757d92a7-ffaa-4ad1-afc8-57c133525317
2022-05-31 06:45:14.243167,FR0011486067,Corporate bond,DIRECTION GENERALE DU TRESOR,1.75,2023-05-25,61300000,EUR,101.742114,PERC,IDAF LRGS,BTFE,BTFE,BLOOMBERG,8,D2C,MTF,DBFTFB,
2022-05-30 15:15:23.402000,FR0011486067,Corporate bond,DIRECTION GENERALE DU TRESOR,1.75,2023-05-25,600000,EUR,101.632,PERC,,BTFE,BTFE,BLOOMBERG,1,D2C,MTF,DBFTFB,cb6ea516-8dba-461a-a2f4-2333d258840b
2022-05-30 10:15:11.492000,FR0011486067,Corporate bond,DIRECTION GENERALE DU TRESOR,1.75,2023-05-25,200000,EUR,101.613,PERC,,BTFE,BTFE,BLOOMBERG,1,D2C,MTF,DBFTFB,279eae7e-8e93-4c09-9218-139ea743d88e
2022-05-27 15:15:18.672000,FR0011486067,Corporate bond,DIRECTION GENERALE DU TRESOR,1.75,2023-05-25,370000,EUR,101.662,PERC,,BTFE,BTFE,BLOOMBERG,1,D2C,MTF,DBFTFB,be7aaa3b-930f-4bf1-975d-dcb2de9ee2bc
2022-05-27 13:09:15.193000,FR0011486067,Corporate bond,DIRECTION GENERALE DU TRESOR,1.75,2023-05-25,1550000,EUR,101.69,PERC,,BTFE,BTFE,BLOOMBERG,1,D2C,MTF,DBFTFB,e25caa3a-8632-4688-833e-6fc8442e46e8
2022-05-25 13:05:01.571000,FR0011486067,Corporate bond,DIRECTION GENERALE DU TRESOR,1.75,2023-05-25,400000,EUR,101.745,PERC,,BTFE,BTFE,BLOOMBERG,1,D2C,MTF,DBFTFB,c61e2709-c288-4315-abd1-e117635b5075
2022-05-25 13:02:11.502000,FR0011486067,Corporate bond,DIRECTION GENERALE DU TRESOR,1.75,2023-05-25,1878000,EUR,101.731,PERC,,BTFE,BTFE,BLOOMBERG,1,D2C,MTF,DBFTFB,3aa61ec9-1ae7-4617-9f4f-6ba7dd42e993
2022-05-25 11:31:03.292000,FR0011486067,Corporate bond,DIRECTION GENERALE DU TRESOR,1.75,2023-05-25,1000000,EUR,101.72,PERC,,BTFE,BTFE,BLOOMBERG,1,D2C,MTF,DBFTFB,23f15c95-38b7-4507-98fb-8580cbb8fae5
2022-05-24 10:38:01.269000,FR0011486067,Corporate bond,DIRECTION GENERALE DU TRESOR,1.75,2023-05-25,200000,EUR,101.739,PERC,,BTFE,BTFE,BLOOMBERG,1,D2C,MTF,DBFTFB,571ea543-ef50-4b42-b337-6249127c1682
2022-05-24 09:30:12.828000,FR0011486067,Corporate bond,DIRECTION GENERALE DU TRESOR,1.75,2023-05-25,930000,EUR,101.747,PERC,,BTFE,BTFE,BLOOMBERG,1,D2C,MTF,DBFTFB,06a2d1a2-3487-4107-8674-3983c4fe7171
2022-05-24 06:48:16.419703,FR0011486067,Corporate bond,DIRECTION GENERALE DU TRESOR,1.75,2023-05-25,284440000,EUR,101.836499,PERC,IDAF SIZE,BTFE,BTFE,BLOOMBERG,7,D2C,MTF,DBFTFB,
2022-05-18 14:27:38.561000,FR0011486067,Corporate bond,DIRECTION GENERALE DU TRESOR,1.75,2023-05-25,650000,EUR,101.835,PERC,,BTFE,BTFE,BLOOMBERG,1,D2C,MTF,DBFTFB,96ee0baa-8c32-4a9d-8d11-daaf8cddb522
2022-05-17 06:50:28.107646,FR0011486067,Corporate bond,DIRECTION GENERALE DU TRESOR,1.75,2023-05-25,45565000,EUR,101.942454,PERC,IDAF SIZE,BTFE,BTFE,BLOOMBERG,6,D2C,MTF,DBFTFB,
2022-05-16 12:46:00.004000,FR0011486067,Corporate bond,DIRECTION GENERALE DU TRESOR,1.75,2023-05-25,358000,EUR,101.939,PERC,,BTFE,BTFE,BLOOMBERG,1,D2C,MTF,DBFTFB,d7aa389c-76ec-4840-897a-2edf988b27c1
2022-05-13 15:18:16.271000,FR0011486067,Corporate bond,DIRECTION GENERALE DU TRESOR,1.75,2023-05-25,340000,EUR,101.95,PERC,,BTFE,BTFE,BLOOMBERG,1,D2C,MTF,DBFTFB,9ae806bc-d751-4d67-b4e4-d05cbc8dfd43
2022-05-13 07:06:25.279000,FR0011486067,Corporate bond,DIRECTION GENERALE DU TRESOR,1.75,2023-05-25,678000,EUR,101.972,PERC,,BTFE,BTFE,BLOOMBERG,1,D2C,MTF,DBFTFB,858b0aa2-32b3-4270-b71d-ae88b46b3f72
2022-05-12 12:22:17.145000,FR0011486067,Corporate bond,DIRECTION GENERALE DU TRESOR,1.75,2023-05-25,600000,EUR,102.01,PERC,,BTFE,BTFE,BLOOMBERG,1,D2C,MTF,DBFTFB,cfc0cdff-e347-4528-986f-55b66976b633
2022-05-11 13:56:02.782000,FR0011486067,Corporate bond,DIRECTION GENERALE DU TRESOR,1.75,2023-05-25,707000,EUR,101.955,PERC,,BTFE,BTFE,BLOOMBERG,1,D2C,MTF,DBFTFB,b929d84c-f613-4ce0-8a42-cc5793a0cb8f
2022-05-11 12:34:49.273000,FR0011486067,Corporate bond,DIRECTION GENERALE DU TRESOR,1.75,2023-05-25,750000,EUR,101.935,PERC,,BTFE,BTFE,BLOOMBERG,1,D2C,MTF,DBFTFB,4745202d-0c36-4247-aec4-1c6362910ff7
2022-05-10 12:43:22.489000,FR0011486067,Corporate bond,DIRECTION GENERALE DU TRESOR,1.75,2023-05-25,500000,EUR,101.971,PERC,,BTFE,BTFE,BLOOMBERG,1,D2C,MTF,DBFTFB,435fcf22-6d95-4fac-943e-de760f50cada
2022-05-10 11:28:21.149000,FR0011486067,Corporate bond,DIRECTION GENERALE DU TRESOR,1.75,2023-05-25,2000,EUR,101.966,PERC,,BTFE,BTFE,BLOOMBERG,1,D2C,MTF,DBFTFB,eaa79f98-fe23-45fa-92f4-ceb6cd26a768
2022-05-10 06:48:55.390995,FR0011486067,Corporate bond,DIRECTION GENERALE DU TRESOR,1.75,2023-05-25,19414000,EUR,101.983222,PERC,IDAF LRGS,BTFE,BTFE,BLOOMBERG,3,D2C,MTF,DBFTFB,
2022-05-09 13:34:44.511000,FR0011486067,Corporate bond,DIRECTION GENERALE DU TRESOR,1.75,2023-05-25,53000,EUR,101.953,PERC,,BTFE,BTFE,BLOOMBERG,1,D2C,MTF,DBFTFB,8e5420d6-01bc-4c7e-b791-cdcf78e7c511
2022-05-06 07:10:43.971000,FR0011486067,Corporate bond,DIRECTION GENERALE DU TRESOR,1.75,2023-05-25,147000,EUR,101.958,PERC,,BTFE,BTFE,BLOOMBERG,1,D2C,MTF,DBFTFB,2bd737f3-0b56-4acb-9e39-6cf32b5feb8c
2022-05-05 15:24:03.773000,FR0011486067,Corporate bond,DIRECTION GENERALE DU TRESOR,1.75,2023-05-25,730000,EUR,101.969,PERC,,BTFE,BTFE,BLOOMBERG,1,D2C,MTF,DBFTFB,33911816-3336-4316-8e7d-dfc773fe679d
2022-05-05 15:15:25.279000,FR0011486067,Corporate bond,DIRECTION GENERALE DU TRESOR,1.75,2023-05-25,190000,EUR,101.964,PERC,,BTFE,BTFE,BLOOMBERG,1,D2C,MTF,DBFTFB,480625ee-e291-40e6-8b94-0f99db1b413a
2022-05-05 13:54:54.301000,FR0011486067,Corporate bond,DIRECTION GENERALE DU TRESOR,1.75,2023-05-25,6500,EUR,102.004,PERC,,BTFE,BTFE,BLOOMBERG,1,D2C,MTF,DBFTFB,34af8f56-d042-45e3-986f-242c93ff3ff6
2022-05-05 11:58:22.632000,FR0011486067,Corporate bond,DIRECTION GENERALE DU TRESOR,1.75,2023-05-25,7000,EUR,102.02,PERC,,BTFE,BTFE,BLOOMBERG,1,D2C,MTF,DBFTFB,bdc17d36-a888-4a10-bfff-082d4742d4f5
2022-05-05 10:06:48.855000,FR0011486067,Corporate bond,DIRECTION GENERALE DU TRESOR,1.75,2023-05-25,1060000,EUR,101.986,PERC,,BTFE,BTFE,BLOOMBERG,1,D2C,MTF,DBFTFB,69ad83b9-4c43-4593-9a83-fbb7c85ef6df
2022-05-04 15:15:42.180000,FR0011486067,Corporate bond,DIRECTION GENERALE DU TRESOR,1.75,2023-05-25,760000,EUR,101.962,PERC,,BTFE,BTFE,BLOOMBERG,1,D2C,MTF,DBFTFB,04b56232-944d-4a9b-a5d8-56caa18bfe92
2022-05-04 13:59:16.056000,FR0011486067,Corporate bond,DIRECTION GENERALE DU TRESOR,1.75,2023-05-25,100000,EUR,101.985,PERC,,BTFE,BTFE,BLOOMBERG,1,D2C,MTF,DBFTFB,04617da5-e4c2-46c7-b95a-430b735d1dbd
2022-05-04 13:46:02.422000,FR0011486067,Corporate bond,DIRECTION GENERALE DU TRESOR,1.75,2023-05-25,135864,EUR,101.985,PERC,,BTFE,BTFE,BLOOMBERG,1,D2C,MTF,DBFTFB,7970a021-4f23-406a-86e8-b13b3606e7bd
2022-05-04 13:31:53.593000,FR0011486067,Corporate bond,DIRECTION GENERALE DU TRESOR,1.75,2023-05-25,136,EUR,101.988,PERC,,BTFE,BTFE,BLOOMBERG,1,D2C,MTF,DBFTFB,a57d5e61-1c46-4b8b-b329-761ae8764aa5
2022-05-04 13:28:03.013000,FR0011486067,Corporate bond,DIRECTION GENERALE DU TRESOR,1.75,2023-05-25,75000,EUR,101.991,PERC,,BTFE,BTFE,BLOOMBERG,1,D2C,MTF,DBFTFB,b2c1efbf-4d59-4d9f-92a8-37fc9bf5f783
2022-05-03 14:26:23.133000,FR0011486067,Corporate bond,DIRECTION GENERALE DU TRESOR,1.75,2023-05-25,68000,EUR,102.006,PERC,,BTFE,BTFE,BLOOMBERG,1,D2C,MTF,DBFTFB,c7cbb08e-15c5-4929-af6f-1cdfc3c0969d
2022-05-03 13:24:56.603000,FR0011486067,Corporate bond,DIRECTION GENERALE DU TRESOR,1.75,2023-05-25,1060000,EUR,102.024,PERC,,BTFE,BTFE,BLOOMBERG,1,D2C,MTF,DBFTFB,926943cc-5d3e-4268-8393-b1330062d8e8
2022-05-03 12:54:44.580000,FR0011486067,Corporate bond,DIRECTION GENERALE DU TRESOR,1.75,2023-05-25,1137000,EUR,102.015,PERC,,BTFE,BTFE,BLOOMBERG,1,D2C,MTF,DBFTFB,622ee6f1-aaf3-4a6c-be79-e7ea5f22433b
2022-05-03 06:47:44.079391,FR0011486067,Corporate bond,DIRECTION GENERALE DU TRESOR,1.75,2023-05-25,41331200,EUR,102.023201,PERC,IDAF LRGS,BTFE,BTFE,BLOOMBERG,5,D2C,MTF,DBFTFB,
2022-05-02 15:15:08.463000,FR0011486067,Corporate bond,DIRECTION GENERALE DU TRESOR,1.75,2023-05-25,200000,EUR,101.994,PERC,,BTFE,BTFE,BLOOMBERG,1,D2C,MTF,DBFTFB,0c298394-42b3-4d39-9fe2-7ffad77af61c
2022-05-02 13:36:08.191000,FR0011486067,Corporate bond,DIRECTION GENERALE DU TRESOR,1.75,2023-05-25,92000,EUR,102.014,PERC,,BTFE,BTFE,BLOOMBERG,1,D2C,MTF,DBFTFB,c345c6d6-5f3b-404b-9ea9-c2f1f6c078bf
2022-05-02 12:55:24.031000,FR0011486067,Corporate bond,DIRECTION GENERALE DU TRESOR,1.75,2023-05-25,141000,EUR,102.006,PERC,,BTFE,BTFE,BLOOMBERG,1,D2C,MTF,DBFTFB,66e53c68-4a7d-4982-bf6d-ff114f0b78d6
2022-05-02 10:27:34.364000,FR0011486067,Corporate bond,DIRECTION GENERALE DU TRESOR,1.75,2023-05-25,697000,EUR,101.992,PERC,,BTFE,BTFE,BLOOMBERG,1,D2C,MTF,DBFTFB,1612771d-484e-4632-8825-f24114c8a032
2022-05-02 08:51:28.856000,FR0011486067,Corporate bond,DIRECTION GENERALE DU TRESOR,1.75,2023-05-25,400000,EUR,102.011,PERC,,BTFE,BTFE,BLOOMBERG,1,D2C,MTF,DBFTFB,e05a8589-f30f-4e23-8349-ece6fade77bb
2022-04-29 15:30:54.939000,FR0011486067,Corporate bond,DIRECTION GENERALE DU TRESOR,1.75,2023-05-25,1995000,EUR,102.002,PERC,,BTFE,BTFE,BLOOMBERG,1,D2C,MTF,DBFTFB,32f5de2c-15aa-49fc-8753-c29aea9203d9
2022-04-29 15:17:13.352000,FR0011486067,Corporate bond,DIRECTION GENERALE DU TRESOR,1.75,2023-05-25,100000,EUR,101.992,PERC,,BTFE,BTFE,BLOOMBERG,1,D2C,MTF,DBFTFB,52ca8950-c68d-42c1-a487-afef161c8e6d
2022-04-29 15:17:08.443000,FR0011486067,Corporate bond,DIRECTION GENERALE DU TRESOR,1.75,2023-05-25,300000,EUR,101.993,PERC,,BTFE,BTFE,BLOOMBERG,1,D2C,MTF,DBFTFB,db90d684-0f48-43a9-a0e7-1580ec2f2e6a
2022-04-29 15:14:25.472000,FR0011486067,Corporate bond,DIRECTION GENERALE DU TRESOR,1.75,2023-05-25,200000,EUR,101.992,PERC,,BTFE,BTFE,BLOOMBERG,1,D2C,MTF,DBFTFB,b9a43ca5-eae0-4058-ba95-5e3867facf10
2022-04-29 15:00:32.690000,FR0011486067,Corporate bond,DIRECTION GENERALE DU TRESOR,1.75,2023-05-25,1100000,EUR,102.001,PERC,,BTFE,BTFE,BLOOMBERG,1,D2C,MTF,DBFTFB,f7739c96-8a9f-4206-8210-faaa8fb650a5
2022-04-28 14:44:02.406000,FR0011486067,Corporate bond,DIRECTION GENERALE DU TRESOR,1.75,2023-05-25,31000,EUR,102.018,PERC,,BTFE,BTFE,BLOOMBERG,1,D2C,MTF,DBFTFB,f52cda6d-3f19-4575-9f22-e7b793e8a111
2022-04-28 13:17:15.651000,FR0011486067,Corporate bond,DIRECTION GENERALE DU TRESOR,1.75,2023-05-25,94000,EUR,102.034,PERC,,BTFE,BTFE,BLOOMBERG,1,D2C,MTF,DBFTFB,f39047d1-3a78-4060-84a2-f18062943e46
2022-04-27 15:15:29.688000,FR0011486067,Corporate bond,DIRECTION GENERALE DU TRESOR,1.75,2023-05-25,200000,EUR,102.104,PERC,,BTFE,BTFE,BLOOMBERG,1,D2C,MTF,DBFTFB,ac98eeca-8dd5-4626-8a4d-25d24e433283
2022-04-25 14:07:46.484000,FR0011486067,Corporate bond,DIRECTION GENERALE DU TRESOR,1.75,2023-05-25,1500000,EUR,102.109,PERC,,BTFE,BTFE,BLOOMBERG,1,D2C,MTF,DBFTFB,54d82509-007d-40c1-aa9a-1893dc73707f
2022-04-22 15:16:35.630000,FR0011486067,Corporate bond,DIRECTION GENERALE DU TRESOR,1.75,2023-05-25,110000,EUR,102.044,PERC,,BTFE,BTFE,BLOOMBERG,1,D2C,MTF,DBFTFB,d3b6a2e4-24d1-48fb-9cf1-0277c912a788
2022-04-22 13:34:20.354000,FR0011486067,Corporate bond,DIRECTION GENERALE DU TRESOR,1.75,2023-05-25,104000,EUR,102.052,PERC,,BTFE,BTFE,BLOOMBERG,1,D2C,MTF,DBFTFB,166ddd86-8262-409a-a776-e10f0417fb39
2022-04-22 12:52:01.986000,FR0011486067,Corporate bond,DIRECTION GENERALE DU TRESOR,1.75,2023-05-25,586000,EUR,102.079,PERC,,BTFE,BTFE,BLOOMBERG,1,D2C,MTF,DBFTFB,60c81917-bfb1-430f-9060-d54427214542
2022-04-22 10:26:48.835000,FR0011486067,Corporate bond,DIRECTION GENERALE DU TRESOR,1.75,2023-05-25,90000,EUR,102.065,PERC,,BTFE,BTFE,BLOOMBERG,1,D2C,MTF,DBFTFB,6dbf0905-4e4c-4fc3-9825-7059a11632a7
2022-04-22 07:08:30.393000,FR0011486067,Corporate bond,DIRECTION GENERALE DU TRESOR,1.75,2023-05-25,1020000,EUR,102.113,PERC,,BTFE,BTFE,BLOOMBERG,1,D2C,MTF,DBFTFB,64415f76-3e09-49ca-aff9-d3f3789537e4
2022-04-20 15:15:54.479000,FR0011486067,Corporate bond,DIRECTION GENERALE DU TRESOR,1.75,2023-05-25,580000,EUR,102.21,PERC,,BTFE,BTFE,BLOOMBERG,1,D2C,MTF,DBFTFB,18f7ddf2-2548-46ee-8f95-91b99aa7cee5
2022-04-20 14:42:22.345000,FR0011486067,Corporate bond,DIRECTION GENERALE DU TRESOR,1.75,2023-05-25,100000,EUR,102.238,PERC,,BTFE,BTFE,BLOOMBERG,1,D2C,MTF,DBFTFB,34178859-87c7-40a8-b839-81263edc0829
2022-04-20 10:43:05.350000,FR0011486067,Corporate bond,DIRECTION GENERALE DU TRESOR,1.75,2023-05-25,254000,EUR,102.272,PERC,,BTFE,BTFE,BLOOMBERG,1,D2C,MTF,DBFTFB,c781af79-d069-4e06-84e2-9e6ae01002b3
2022-04-20 07:10:39.053000,FR0011486067,Corporate bond,DIRECTION GENERALE DU TRESOR,1.75,2023-05-25,2932,EUR,102.266,PERC,,BTFE,BTFE,BLOOMBERG,1,D2C,MTF,DBFTFB,1419bcb8-e344-48c6-b4d6-71c6a32565fa
2022-04-19 15:16:53.953000,FR0011486067,Corporate bond,DIRECTION GENERALE DU TRESOR,1.75,2023-05-25,70000,EUR,102.27,PERC,,BTFE,BTFE,BLOOMBERG,1,D2C,MTF,DBFTFB,5403d6a8-b289-4eaf-bace-4f75aa43211f
2022-04-19 12:31:23.801000,FR0011486067,Corporate bond,DIRECTION GENERALE DU TRESOR,1.75,2023-05-25,157000,EUR,102.274,PERC,,BTFE,BTFE,BLOOMBERG,1,D2C,MTF,DBFTFB,83e875f4-4a06-40cd-9343-34b644e2e39f
2022-04-19 06:44:12.332770,FR0011486067,Corporate bond,DIRECTION GENERALE DU TRESOR,1.75,2023-05-25,30180000,EUR,102.262508,PERC,IDAF LRGS,BTFE,BTFE,BLOOMBERG,7,D2C,MTF,DBFTFB,
2022-04-14 15:15:01.222000,FR0011486067,Corporate bond,DIRECTION GENERALE DU TRESOR,1.75,2023-05-25,90000,EUR,102.29,PERC,,BTFE,BTFE,BLOOMBERG,1,D2C,MTF,DBFTFB,c378ad56-c770-4c5e-a348-7ea9a457824b
2022-04-14 13:46:32.657000,FR0011486067,Corporate bond,DIRECTION GENERALE DU TRESOR,1.75,2023-05-25,31000,EUR,102.29,PERC,,BTFE,BTFE,BLOOMBERG,1,D2C,MTF,DBFTFB,944c7d9c-c75b-41d5-a8a3-6dd7ac4e2a35
2022-04-13 13:42:03.363000,FR0011486067,Corporate bond,DIRECTION GENERALE DU TRESOR,1.75,2023-05-25,6000,EUR,102.292,PERC,,BTFE,BTFE,BLOOMBERG,1,D2C,MTF,DBFTFB,980696da-76f6-4fc6-a72e-696073fce691
2022-04-13 09:40:03.035000,FR0011486067,Corporate bond,DIRECTION GENERALE DU TRESOR,1.75,2023-05-25,450000,EUR,102.261,PERC,,BTFE,BTFE,BLOOMBERG,1,D2C,MTF,DBFTFB,3bffe643-e33f-470b-9ec6-4183dc37dc61
2022-04-12 15:15:14.765000,FR0011486067,Corporate bond,DIRECTION GENERALE DU TRESOR,1.75,2023-05-25,220000,EUR,102.293,PERC,,BTFE,BTFE,BLOOMBERG,1,D2C,MTF,DBFTFB,00f5e2cb-bb7a-4b68-91fa-7764732ca26d
2022-04-12 14:11:33.946000,FR0011486067,Corporate bond,DIRECTION GENERALE DU TRESOR,1.75,2023-05-25,60000,EUR,102.284,PERC,,BTFE,BTFE,BLOOMBERG,1,D2C,MTF,DBFTFB,0760ae59-1d22-4a76-a931-4ff7f3e6fe98
2022-04-12 12:43:11.823000,FR0011486067,Corporate bond,DIRECTION GENERALE DU TRESOR,1.75,2023-05-25,300000,EUR,102.262,PERC,,BTFE,BTFE,BLOOMBERG,1,D2C,MTF,DBFTFB,158ab528-d741-419f-8657-b19da23ee08e
2022-04-12 11:12:12.606000,FR0011486067,Corporate bond,DIRECTION GENERALE DU TRESOR,1.75,2023-05-25,200000,EUR,102.265,PERC,,BTFE,BTFE,BLOOMBERG,1,D2C,MTF,DBFTFB,1ef1ac46-5d87-475a-a4c2-f57043df5f25
2022-04-12 06:49:08.474605,FR0011486067,Corporate bond,DIRECTION GENERALE DU TRESOR,1.75,2023-05-25,53500000,EUR,102.349777,PERC,IDAF SIZE,BTFE,BTFE,BLOOMBERG,9,D2C,MTF,DBFTFB,
2022-04-08 16:22:52.072000,FR0011486067,Corporate bond,DIRECTION GENERALE DU TRESOR,1.75,2023-05-25,200000,EUR,102.286,PERC,,BTFE,BTFE,BLOOMBERG,1,D2C,MTF,DBFTFB,a4efea4e-f653-4e8c-a35e-f958ffb6d957
2022-04-08 15:20:11.527000,FR0011486067,Corporate bond,DIRECTION GENERALE DU TRESOR,1.75,2023-05-25,320000,EUR,102.295,PERC,,BTFE,BTFE,BLOOMBERG,1,D2C,MTF,DBFTFB,c94d4330-33c7-48eb-ba77-f4bcf4205dc0
2022-04-08 10:49:08.731000,FR0011486067,Corporate bond,DIRECTION GENERALE DU TRESOR,1.75,2023-05-25,1000,EUR,102.32,PERC,,BTFE,BTFE,BLOOMBERG,1,D2C,MTF,DBFTFB,019f96f5-b677-48a8-9bfa-a1b0131293a5
2022-04-08 10:27:13.672000,FR0011486067,Corporate bond,DIRECTION GENERALE DU TRESOR,1.75,2023-05-25,37000,EUR,102.32,PERC,,BTFE,BTFE,BLOOMBERG,1,D2C,MTF,DBFTFB,3803cf8c-c1c7-4c84-bc88-e2032e5a6efc
2022-04-08 08:36:46.399000,FR0011486067,Corporate bond,DIRECTION GENERALE DU TRESOR,1.75,2023-05-25,1400000,EUR,102.329,PERC,,BTFE,BTFE,BLOOMBERG,1,D2C,MTF,DBFTFB,27d5c8ca-c118-4894-9bcf-e4f3539ce6d9
2022-04-08 07:24:38.622000,FR0011486067,Corporate bond,DIRECTION GENERALE DU TRESOR,1.75,2023-05-25,1000000,EUR,102.331,PERC,,BTFE,BTFE,BLOOMBERG,1,D2C,MTF,DBFTFB,d4d71af0-c698-47df-a265-3f4cdada8b02
2022-04-07 15:33:06.619000,FR0011486067,Corporate bond,DIRECTION GENERALE DU TRESOR,1.75,2023-05-25,400000,EUR,102.353,PERC,,BTFE,BTFE,BLOOMBERG,1,D2C,MTF,DBFTFB,d6264e9a-70a3-44f8-bd11-2e5b8696dae7
2022-04-07 15:31:40.537000,FR0011486067,Corporate bond,DIRECTION GENERALE DU TRESOR,1.75,2023-05-25,1800000,EUR,102.346,PERC,,BTFE,BTFE,BLOOMBERG,1,D2C,MTF,DBFTFB,7d89c5f8-7b59-4cde-a7fe-f845f789fc6d
2022-04-07 15:17:47.585000,FR0011486067,Corporate bond,DIRECTION GENERALE DU TRESOR,1.75,2023-05-25,207543,EUR,102.324,PERC,,BTFE,BTFE,BLOOMBERG,1,D2C,MTF,DBFTFB,8814cff9-4fec-47ad-a283-337fb4cae4bb
2022-04-07 15:17:20.851000,FR0011486067,Corporate bond,DIRECTION GENERALE DU TRESOR,1.75,2023-05-25,210000,EUR,102.344,PERC,,BTFE,BTFE,BLOOMBERG,1,D2C,MTF,DBFTFB,320c7c58-5c1e-429e-953a-e3343f77a85c
2022-04-07 15:15:59.945000,FR0011486067,Corporate bond,DIRECTION GENERALE DU TRESOR,1.75,2023-05-25,1820000,EUR,102.326,PERC,,BTFE,BTFE,BLOOMBERG,1,D2C,MTF,DBFTFB,222892dc-47cc-41ea-b350-f29494e2f14e
2022-04-07 13:53:50.970000,FR0011486067,Corporate bond,DIRECTION GENERALE DU TRESOR,1.75,2023-05-25,40000,EUR,102.328,PERC,,BTFE,BTFE,BLOOMBERG,1,D2C,MTF,DBFTFB,1c070b60-d4f2-4cb7-b340-ae767e3ac38e
2022-04-06 16:04:46.071000,FR0011486067,Corporate bond,DIRECTION GENERALE DU TRESOR,1.75,2023-05-25,80000,EUR,102.356,PERC,,BTFE,BTFE,BLOOMBERG,1,D2C,MTF,DBFTFB,d3fc388a-7670-40cf-87f5-270d7517a6d3
2022-04-06 15:16:07.718000,FR0011486067,Corporate bond,DIRECTION GENERALE DU TRESOR,1.75,2023-05-25,100000,EUR,102.346,PERC,,BTFE,BTFE,BLOOMBERG,1,D2C,MTF,DBFTFB,a130e0cc-29a7-4719-9cbe-83b9020a12fa
2022-04-06 15:16:03.367000,FR0011486067,Corporate bond,DIRECTION GENERALE DU TRESOR,1.75,2023-05-25,270000,EUR,102.372,PERC,,BTFE,BTFE,BLOOMBERG,1,D2C,MTF,DBFTFB,c628eca1-c8e6-4e09-95b8-6d4891c45a60
2022-04-06 15:14:24.456000,FR0011486067,Corporate bond,DIRECTION GENERALE DU TRESOR,1.75,2023-05-25,50000,EUR,102.367,PERC,,BTFE,BTFE,BLOOMBERG,1,D2C,MTF,DBFTFB,98e79046-897a-425b-9da7-e7de3807e3a6
2022-04-06 14:44:48.915000,FR0011486067,Corporate bond,DIRECTION GENERALE DU TRESOR,1.75,2023-05-25,9000,EUR,102.35,PERC,,BTFE,BTFE,BLOOMBERG,1,D2C,MTF,DBFTFB,9e08e9c2-b504-48be-90d1-225ed555abbd
2022-04-06 14:13:37.769000,FR0011486067,Corporate bond,DIRECTION GENERALE DU TRESOR,1.75,2023-05-25,200000,EUR,102.356,PERC,,BTFE,BTFE,BLOOMBERG,1,D2C,MTF,DBFTFB,530bc7c2-6241-4194-ad9e-4995684e8ab3
2022-04-06 13:35:14.671000,FR0011486067,Corporate bond,DIRECTION GENERALE DU TRESOR,1.75,2023-05-25,346000,EUR,102.347,PERC,,BTFE,BTFE,BLOOMBERG,1,D2C,MTF,DBFTFB,4245d30f-6c0d-41a3-8f18-c7b0315ab206
2022-04-06 10:58:24.314000,FR0011486067,Corporate bond,DIRECTION GENERALE DU TRESOR,1.75,2023-05-25,1000000,EUR,102.347,PERC,,BTFE,BTFE,BLOOMBERG,1,D2C,MTF,DBFTFB,dbc16636-e58e-416a-8e1f-e88d5f98e369
2022-04-05 15:45:37.154000,FR0011486067,Corporate bond,DIRECTION GENERALE DU TRESOR,1.75,2023-05-25,80000,EUR,102.331,PERC,,BTFE,BTFE,BLOOMBERG,1,D2C,MTF,DBFTFB,e130b83e-5528-4102-9f46-1236657b1154
2022-04-05 14:16:23.274000,FR0011486067,Corporate bond,DIRECTION GENERALE DU TRESOR,1.75,2023-05-25,100000,EUR,102.362,PERC,,BTFE,BTFE,BLOOMBERG,1,D2C,MTF,DBFTFB,6c7a8daa-f1d3-40ee-ac26-6ee8f57e5bbc
2022-04-05 10:23:51.800000,FR0011486067,Corporate bond,DIRECTION GENERALE DU TRESOR,1.75,2023-05-25,75591,EUR,102.376,PERC,,BTFE,BTFE,BLOOMBERG,1,D2C,MTF,DBFTFB,e8802fd7-a62c-455b-9198-087c5a382d90
2022-04-05 06:47:03.470267,FR0011486067,Corporate bond,DIRECTION GENERALE DU TRESOR,1.75,2023-05-25,63386000,EUR,102.491015,PERC,IDAF LRGS,BTFE,BTFE,BLOOMBERG,8,D2C,MTF,DBFTFB,
2022-04-04 15:16:46.106000,FR0011486067,Corporate bond,DIRECTION GENERALE DU TRESOR,1.75,2023-05-25,70000,EUR,102.4,PERC,,BTFE,BTFE,BLOOMBERG,1,D2C,MTF,DBFTFB,a8914656-04dd-4fd7-91d3-70698e4d3540
2022-04-04 14:41:47.347000,FR0011486067,Corporate bond,DIRECTION GENERALE DU TRESOR,1.75,2023-05-25,1870000,EUR,102.402,PERC,,BTFE,BTFE,BLOOMBERG,1,D2C,MTF,DBFTFB,8283a6cd-fbb6-4725-9a76-f474c6095256
2022-04-04 12:58:10.135000,FR0011486067,Corporate bond,DIRECTION GENERALE DU TRESOR,1.75,2023-05-25,454000,EUR,102.423,PERC,,BTFE,BTFE,BLOOMBERG,1,D2C,MTF,DBFTFB,bfae481e-4517-4981-bb09-682e7c19d0dc
2022-04-04 09:24:05.532000,FR0011486067,Corporate bond,DIRECTION GENERALE DU TRESOR,1.75,2023-05-25,350000,EUR,102.421,PERC,,BTFE,BTFE,BLOOMBERG,1,D2C,MTF,DBFTFB,b17f17a2-8329-42b1-a481-67d24871d726
2022-04-01 15:16:10.643000,FR0011486067,Corporate bond,DIRECTION GENERALE DU TRESOR,1.75,2023-05-25,105000,EUR,102.413,PERC,,BTFE,BTFE,BLOOMBERG,1,D2C,MTF,DBFTFB,78059973-f44d-4c20-8c3f-46561326c5a9
2022-04-01 11:24:06.439000,FR0011486067,Corporate bond,DIRECTION GENERALE DU TRESOR,1.75,2023-05-25,365000,EUR,102.406,PERC,,BTFE,BTFE,BLOOMBERG,1,D2C,MTF,DBFTFB,7b2b6675-b954-4de7-b971-0d387f75417c
2022-03-31 15:18:26.320000,FR0011486067,Corporate bond,DIRECTION GENERALE DU TRESOR,1.75,2023-05-25,775000,EUR,102.471,PERC,,BTFE,BTFE,BLOOMBERG,1,D2C,MTF,DBFTFB,6ebf176f-5b99-4cff-a9da-21e53c9ac20e
2022-03-31 15:16:05.338000,FR0011486067,Corporate bond,DIRECTION GENERALE DU TRESOR,1.75,2023-05-25,40000,EUR,102.468,PERC,,BTFE,BTFE,BLOOMBERG,1,D2C,MTF,DBFTFB,c948dc35-6a29-4236-a353-ad214369612e
2022-03-31 15:15:57.708000,FR0011486067,Corporate bond,DIRECTION GENERALE DU TRESOR,1.75,2023-05-25,90000,EUR,102.457,PERC,,BTFE,BTFE,BLOOMBERG,1,D2C,MTF,DBFTFB,63b6c1cd-8bd4-4337-a8a0-c04cfafbd955
2022-03-31 15:15:26.111000,FR0011486067,Corporate bond,DIRECTION GENERALE DU TRESOR,1.75,2023-05-25,290000,EUR,102.455,PERC,,BTFE,BTFE,BLOOMBERG,1,D2C,MTF,DBFTFB,21eeaa81-a12b-46db-9c64-9695bef040bd
2022-03-31 15:15:21.193000,FR0011486067,Corporate bond,DIRECTION GENERALE DU TRESOR,1.75,2023-05-25,210000,EUR,102.456,PERC,,BTFE,BTFE,BLOOMBERG,1,D2C,MTF,DBFTFB,4d190653-84ca-4b06-bcc1-d2ea600fa586
2022-03-31 15:01:13.400000,FR0011486067,Corporate bond,DIRECTION GENERALE DU TRESOR,1.75,2023-05-25,10000,EUR,102.452,PERC,,BTFE,BTFE,BLOOMBERG,1,D2C,MTF,DBFTFB,a47fa599-c07a-4c95-87b9-ee930752bcf9
2022-03-31 14:44:17.019000,FR0011486067,Corporate bond,DIRECTION GENERALE DU TRESOR,1.75,2023-05-25,280000,EUR,102.481,PERC,,BTFE,BTFE,BLOOMBERG,1,D2C,MTF,DBFTFB,cb346e4d-ed31-4d6e-b86f-ccd450c33508
2022-03-30 14:50:08.073000,FR0011486067,Corporate bond,DIRECTION GENERALE DU TRESOR,1.75,2023-05-25,1864000,EUR,102.47,PERC,,BTFE,BTFE,BLOOMBERG,1,D2C,MTF,DBFTFB,fa052df3-3e98-44f9-b01b-039bc9f8a4ff
2022-03-30 14:50:06.761000,FR0011486067,Corporate bond,DIRECTION GENERALE DU TRESOR,1.75,2023-05-25,1864000,EUR,102.473,PERC,,BTFE,BTFE,BLOOMBERG,1,D2C,MTF,DBFTFB,0877eca7-4573-4787-a791-8d97e6695a49
2022-03-30 12:48:48.909000,FR0011486067,Corporate bond,DIRECTION GENERALE DU TRESOR,1.75,2023-05-25,53000,EUR,102.481,PERC,,BTFE,BTFE,BLOOMBERG,1,D2C,MTF,DBFTFB,7189ce9b-9d2c-4b60-b9bf-c09a57008153
2022-03-29 14:30:03.445000,FR0011486067,Corporate bond,DIRECTION GENERALE DU TRESOR,1.75,2023-05-25,250000,EUR,102.549,PERC,,BTFE,BTFE,BLOOMBERG,1,D2C,MTF,DBFTFB,ccef915c-e524-47d4-9196-bcf94404b680
2022-03-29 09:58:37.070000,FR0011486067,Corporate bond,DIRECTION GENERALE DU TRESOR,1.75,2023-05-25,250000,EUR,102.545,PERC,,BTFE,BTFE,BLOOMBERG,1,D2C,MTF,DBFTFB,b79c9ff3-8a79-470c-a2cb-e1d0c7b66ad2
2022-03-29 06:46:55.284132,FR0011486067,Corporate bond,DIRECTION GENERALE DU TRESOR,1.75,2023-05-25,61800000,EUR,102.675536,PERC,IDAF LRGS,BTFE,BTFE,BLOOMBERG,9,D2C,MTF,DBFTFB,
2022-03-28 15:15:23.522000,FR0011486067,Corporate bond,DIRECTION GENERALE DU TRESOR,1.75,2023-05-25,20000,EUR,102.59,PERC,,BTFE,BTFE,BLOOMBERG,1,D2C,MTF,DBFTFB,dc54dcee-4831-4089-9bbf-d50e66705b49
2022-03-28 12:05:30.050000,FR0011486067,Corporate bond,DIRECTION GENERALE DU TRESOR,1.75,2023-05-25,250000,EUR,102.575,PERC,,BTFE,BTFE,BLOOMBERG,1,D2C,MTF,DBFTFB,b93ae3ad-e7f9-44d2-8b33-691f45cb41cc
2022-03-25 16:54:49.965000,FR0011486067,Corporate bond,DIRECTION GENERALE DU TRESOR,1.75,2023-05-25,700000,EUR,102.623,PERC,,BTFE,BTFE,BLOOMBERG,1,D2C,MTF,DBFTFB,b96af554-76be-435c-a0fd-856022adf9c3
2022-03-25 16:14:42.288000,FR0011486067,Corporate bond,DIRECTION GENERALE DU TRESOR,1.75,2023-05-25,190000,EUR,102.628,PERC,,BTFE,BTFE,BLOOMBERG,1,D2C,MTF,DBFTFB,eaa55742-2363-440d-87ec-e35d7a497056
2022-03-25 13:14:43.957000,FR0011486067,Corporate bond,DIRECTION GENERALE DU TRESOR,1.75,2023-05-25,389000,EUR,102.644,PERC,,BTFE,BTFE,BLOOMBERG,1,D2C,MTF,DBFTFB,1ac95aef-d4a8-4b2e-aafe-85dd25ce6ecc
2022-03-24 15:13:27.935000,FR0011486067,Corporate bond,DIRECTION GENERALE DU TRESOR,1.75,2023-05-25,260000,EUR,102.672,PERC,,BTFE,BTFE,BLOOMBERG,1,D2C,MTF,DBFTFB,582b5149-7773-4268-a655-b37d17b3b566
2022-03-24 13:30:17.555000,FR0011486067,Corporate bond,DIRECTION GENERALE DU TRESOR,1.75,2023-05-25,500000,EUR,102.667,PERC,,BTFE,BTFE,BLOOMBERG,1,D2C,MTF,DBFTFB,a8ee2d34-edc5-44e2-a26f-e77bcafa1987
2022-03-23 16:09:51.479000,FR0011486067,Corporate bond,DIRECTION GENERALE DU TRESOR,1.75,2023-05-25,30000,EUR,102.679,PERC,,BTFE,BTFE,BLOOMBERG,1,D2C,MTF,DBFTFB,ebfda820-74ee-4f60-a574-7babaf0e0407
2022-03-23 08:30:20.155000,FR0011486067,Corporate bond,DIRECTION GENERALE DU TRESOR,1.75,2023-05-25,1900000,EUR,102.675,PERC,,BTFE,BTFE,BLOOMBERG,1,D2C,MTF,DBFTFB,c72e26b6-572f-4689-9b0f-ccad913fc3a9
2022-03-23 08:29:32.996000,FR0011486067,Corporate bond,DIRECTION GENERALE DU TRESOR,1.75,2023-05-25,1900000,EUR,102.67,PERC,,BTFE,BTFE,BLOOMBERG,1,D2C,MTF,DBFTFB,19e43161-07fe-431e-9b45-0ff6e7aa3a62
2022-03-22 16:15:30.729000,FR0011486067,Corporate bond,DIRECTION GENERALE DU TRESOR,1.75,2023-05-25,400000,EUR,102.675,PERC,,BTFE,BTFE,BLOOMBERG,1,D2C,MTF,DBFTFB,44762940-668b-48af-bff9-3674e78c193f
2022-03-22 16:15:27.001000,FR0011486067,Corporate bond,DIRECTION GENERALE DU TRESOR,1.75,2023-05-25,70000,EUR,102.685,PERC,,BTFE,BTFE,BLOOMBERG,1,D2C,MTF,DBFTFB,92a72c66-f446-4328-9afa-df80cb88e6b8
2022-03-22 16:14:48.396000,FR0011486067,Corporate bond,DIRECTION GENERALE DU TRESOR,1.75,2023-05-25,2000,EUR,102.681,PERC,,BTFE,BTFE,BLOOMBERG,1,D2C,MTF,DBFTFB,77d2bcbe-f584-4342-8221-285ab5e484cc
2022-03-22 07:48:53.176056,FR0011486067,Corporate bond,DIRECTION GENERALE DU TRESOR,1.75,2023-05-25,127724000,EUR,102.754932,PERC,IDAF LRGS,BTFE,BTFE,BLOOMBERG,15,D2C,MTF,DBFTFB,
2022-03-21 16:15:11.790000,FR0011486067,Corporate bond,DIRECTION GENERALE DU TRESOR,1.75,2023-05-25,100000,EUR,102.727,PERC,,BTFE,BTFE,BLOOMBERG,1,D2C,MTF,DBFTFB,98b0159a-fd41-4a49-b625-1742c9b4d424
2022-03-21 16:14:58.041000,FR0011486067,Corporate bond,DIRECTION GENERALE DU TRESOR,1.75,2023-05-25,700000,EUR,102.719,PERC,,BTFE,BTFE,BLOOMBERG,1,D2C,MTF,DBFTFB,a8da2cac-60d1-4f32-aada-c2e8274735c8
2022-03-18 16:15:09.264000,FR0011486067,Corporate bond,DIRECTION GENERALE DU TRESOR,1.75,2023-05-25,600000,EUR,102.741,PERC,,BTFE,BTFE,BLOOMBERG,1,D2C,MTF,DBFTFB,82c4d897-b7a2-4286-af7b-52f76b7d475d
2022-03-18 14:44:00.195000,FR0011486067,Corporate bond,DIRECTION GENERALE DU TRESOR,1.75,2023-05-25,41000,EUR,102.743,PERC,,BTFE,BTFE,BLOOMBERG,1,D2C,MTF,DBFTFB,83fea040-6195-4bcd-9820-4f3b6877be85
2022-03-18 14:32:09.355000,FR0011486067,Corporate bond,DIRECTION GENERALE DU TRESOR,1.75,2023-05-25,56000,EUR,102.741,PERC,,BTFE,BTFE,BLOOMBERG,1,D2C,MTF,DBFTFB,3d8131eb-0951-4a78-aeba-3547e1afdc06
2022-03-18 08:36:42.545000,FR0011486067,Corporate bond,DIRECTION GENERALE DU TRESOR,1.75,2023-05-25,534000,EUR,102.738,PERC,,BTFE,BTFE,BLOOMBERG,1,D2C,MTF,DBFTFB,fdb47568-d499-439e-a002-0190a226ab9d
2022-03-17 17:02:28.651000,FR0011486067,Corporate bond,DIRECTION GENERALE DU TRESOR,1.75,2023-05-25,100000,EUR,102.744,PERC,,BTFE,BTFE,BLOOMBERG,1,D2C,MTF,DBFTFB,eb3a6c90-face-421a-bf7c-cd14ced7f804
2022-03-17 16:32:34.582000,FR0011486067,Corporate bond,DIRECTION GENERALE DU TRESOR,1.75,2023-05-25,820000,EUR,102.735,PERC,,BTFE,BTFE,BLOOMBERG,1,D2C,MTF,DBFTFB,0932e2b8-beff-41e7-b9c5-d2f4c52f5459
2022-03-17 16:31:14.346000,FR0011486067,Corporate bond,DIRECTION GENERALE DU TRESOR,1.75,2023-05-25,50000,EUR,102.734,PERC,,BTFE,BTFE,BLOOMBERG,1,D2C,MTF,DBFTFB,645634e0-945e-4cc2-b380-0793e9a29346
2022-03-17 16:27:02.665000,FR0011486067,Corporate bond,DIRECTION GENERALE DU TRESOR,1.75,2023-05-25,600000,EUR,102.736,PERC,,BTFE,BTFE,BLOOMBERG,1,D2C,MTF,DBFTFB,52bba223-33cf-4139-aefa-448f4ba4c6a4
2022-03-17 16:15:14.563000,FR0011486067,Corporate bond,DIRECTION GENERALE DU TRESOR,1.75,2023-05-25,50000,EUR,102.745,PERC,,BTFE,BTFE,BLOOMBERG,1,D2C,MTF,DBFTFB,e472edbf-329e-4467-9b77-43d71b33c050
2022-03-17 15:37:58.444000,FR0011486067,Corporate bond,DIRECTION GENERALE DU TRESOR,1.75,2023-05-25,100000,EUR,102.738,PERC,,BTFE,BTFE,BLOOMBERG,1,D2C,MTF,DBFTFB,07415f9c-3cee-45bb-ac4a-d3a454c20e21
2022-03-16 16:16:10.417000,FR0011486067,Corporate bond,DIRECTION GENERALE DU TRESOR,1.75,2023-05-25,600000,EUR,102.721,PERC,,BTFE,BTFE,BLOOMBERG,1,D2C,MTF,DBFTFB,6de0ad2f-76fd-4027-bc63-efdc8f7447e3
2022-03-16 16:15:10.989000,FR0011486067,Corporate bond,DIRECTION GENERALE DU TRESOR,1.75,2023-05-25,1100000,EUR,102.723,PERC,,BTFE,BTFE,BLOOMBERG,1,D2C,MTF,DBFTFB,6996f300-13df-4a76-b7bc-335bbed39d1c
2022-03-16 13:02:50.987000,FR0011486067,Corporate bond,DIRECTION GENERALE DU TRESOR,1.75,2023-05-25,750000,EUR,102.766,PERC,,BTFE,BTFE,BLOOMBERG,1,D2C,MTF,DBFTFB,fa04cbf8-f6be-471f-8179-d43a1df9a3c9
2022-03-15 16:15:14.950000,FR0011486067,Corporate bond,DIRECTION GENERALE DU TRESOR,1.75,2023-05-25,200000,EUR,102.781,PERC,,BTFE,BTFE,BLOOMBERG,1,D2C,MTF,DBFTFB,35763ec5-805d-4ad7-8a4e-f37c5eca5f2e
2022-03-14 16:36:17.251000,FR0011486067,Corporate bond,DIRECTION GENERALE DU TRESOR,1.75,2023-05-25,1800000,EUR,102.762,PERC,,BTFE,BTFE,BLOOMBERG,1,D2C,MTF,DBFTFB,8bd8c7c6-3e6f-43bd-952c-bae0badef301
2022-03-14 10:49:22.059000,FR0011486067,Corporate bond,DIRECTION GENERALE DU TRESOR,1.75,2023-05-25,200000,EUR,102.775,PERC,,BTFE,BTFE,BLOOMBERG,1,D2C,MTF,DBFTFB,b13443a6-2dd5-4b46-9f10-f281d5058456
2022-03-14 10:28:06.330000,FR0011486067,Corporate bond,DIRECTION GENERALE DU TRESOR,1.75,2023-05-25,307267,EUR,102.763,PERC,,BTFE,BTFE,BLOOMBERG,1,D2C,MTF,DBFTFB,cf88221c-f581-443f-aa07-7a49cb1b6148
2022-03-11 16:15:25.002000,FR0011486067,Corporate bond,DIRECTION GENERALE DU TRESOR,1.75,2023-05-25,200000,EUR,102.8,PERC,,BTFE,BTFE,BLOOMBERG,1,D2C,MTF,DBFTFB,3b9fc919-4600-4cc0-ab67-4dc075c8a901
2022-03-11 16:15:06.596000,FR0011486067,Corporate bond,DIRECTION GENERALE DU TRESOR,1.75,2023-05-25,700000,EUR,102.814,PERC,,BTFE,BTFE,BLOOMBERG,1,D2C,MTF,DBFTFB,ee541bab-a178-40c1-bdbd-6a2a05dd42a0
2022-03-11 08:19:58.649000,FR0011486067,Corporate bond,DIRECTION GENERALE DU TRESOR,1.75,2023-05-25,485000,EUR,102.804,PERC,,BTFE,BTFE,BLOOMBERG,1,D2C,MTF,DBFTFB,33480f84-dcc4-49ca-808a-45afc02b0c78
2022-03-10 16:15:39.915000,FR0011486067,Corporate bond,DIRECTION GENERALE DU TRESOR,1.75,2023-05-25,20000,EUR,102.792,PERC,,BTFE,BTFE,BLOOMBERG,1,D2C,MTF,DBFTFB,59e27067-0b22-4d68-9120-36375401d53e
2022-03-10 12:28:49.773000,FR0011486067,Corporate bond,DIRECTION GENERALE DU TRESOR,1.75,2023-05-25,668000,EUR,102.85,PERC,,BTFE,BTFE,BLOOMBERG,1,D2C,MTF,DBFTFB,a98eab63-4316-4d12-aabe-b7f3f8390777
2022-03-08 16:17:12.980000,FR0011486067,Corporate bond,DIRECTION GENERALE DU TRESOR,1.75,2023-05-25,100000,EUR,102.943,PERC,,BTFE,BTFE,BLOOMBERG,1,D2C,MTF,DBFTFB,2fdad9a9-63a1-416b-a487-00c89eab41ac
2022-03-08 10:15:28.876000,FR0011486067,Corporate bond,DIRECTION GENERALE DU TRESOR,1.75,2023-05-25,639000,EUR,102.968,PERC,,BTFE,BTFE,BLOOMBERG,1,D2C,MTF,DBFTFB,bc49db63-7c46-4c2f-b663-114701f36775
2022-03-08 07:37:22.894784,FR0011486067,Corporate bond,DIRECTION GENERALE DU TRESOR,1.75,2023-05-25,52051800,EUR,102.978119,PERC,IDAF LRGS,BTFE,BTFE,BLOOMBERG,8,D2C,MTF,DBFTFB,
2022-03-07 16:15:23.520000,FR0011486067,Corporate bond,DIRECTION GENERALE DU TRESOR,1.75,2023-05-25,100000,EUR,102.977,PERC,,BTFE,BTFE,BLOOMBERG,1,D2C,MTF,DBFTFB,2aa5bdaf-abff-4d4f-9257-9a2c73cdfa71
2022-03-07 11:10:22.155889,FR0011486067,Corporate bond,DIRECTION GENERALE DU TRESOR,1.75,2023-05-25,237384909,EUR,102.87964,PERC,IDAF LRGS,BTFE,BTFE,BLOOMBERG,14,D2C,MTF,DBFTFB,
2022-03-04 15:21:58.367000,FR0011486067,Corporate bond,DIRECTION GENERALE DU TRESOR,1.75,2023-05-25,700000,EUR,103.005,PERC,,BTFE,BTFE,BLOOMBERG,1,D2C,MTF,DBFTFB,9ea9d111-eea3-415c-ba76-a47d7b33f0b8
2022-03-03 15:23:22.804000,FR0011486067,Corporate bond,DIRECTION GENERALE DU TRESOR,1.75,2023-05-25,210000,EUR,102.935,PERC,,BTFE,BTFE,BLOOMBERG,1,D2C,MTF,DBFTFB,f4b5fbc8-91a1-42af-aa87-956815a201dc
2022-03-02 16:14:57.327000,FR0011486067,Corporate bond,DIRECTION GENERALE DU TRESOR,1.75,2023-05-25,200000,EUR,102.937,PERC,,BTFE,BTFE,BLOOMBERG,1,D2C,MTF,DBFTFB,15c768e1-39b5-4cfd-86ee-25807acf5e2f
2022-03-02 10:23:17.958000,FR0011486067,Corporate bond,DIRECTION GENERALE DU TRESOR,1.75,2023-05-25,500000,EUR,103.006,PERC,,BTFE,BTFE,BLOOMBERG,1,D2C,MTF,DBFTFB,f5d1a918-fc14-4288-9e99-d4e2b1be74ba
2022-03-01 16:21:59.856000,FR0011486067,Corporate bond,DIRECTION GENERALE DU TRESOR,1.75,2023-05-25,59000,EUR,103.046,PERC,,BTFE,BTFE,BLOOMBERG,1,D2C,MTF,DBFTFB,6e57733b-1b21-4230-8e3f-eed579edd5f4
2022-03-01 16:17:26.289000,FR0011486067,Corporate bond,DIRECTION GENERALE DU TRESOR,1.75,2023-05-25,120000,EUR,103.038,PERC,,BTFE,BTFE,BLOOMBERG,1,D2C,MTF,DBFTFB,9f90dd7f-f93d-4beb-882a-f9e32055a7ad
2022-03-01 16:17:12.571000,FR0011486067,Corporate bond,DIRECTION GENERALE DU TRESOR,1.75,2023-05-25,340000,EUR,103.038,PERC,,BTFE,BTFE,BLOOMBERG,1,D2C,MTF,DBFTFB,6c26f998-ec0a-43f2-a34a-5a5f892d5865
2022-03-01 16:14:39.865000,FR0011486067,Corporate bond,DIRECTION GENERALE DU TRESOR,1.75,2023-05-25,5930,EUR,103.039,PERC,,BTFE,BTFE,BLOOMBERG,1,D2C,MTF,DBFTFB,b3f0bf7e-1c9e-4a59-862c-d5f78b86a0d6
2022-03-01 15:55:23.291000,FR0011486067,Corporate bond,DIRECTION GENERALE DU TRESOR,1.75,2023-05-25,500000,EUR,103.033,PERC,,BTFE,BTFE,BLOOMBERG,1,D2C,MTF,DBFTFB,cd0d8343-37cc-464b-91f3-6873f1efd600
2022-03-01 14:01:38.816000,FR0011486067,Corporate bond,DIRECTION GENERALE DU TRESOR,1.75,2023-05-25,60000,EUR,102.993,PERC,,BTFE,BTFE,BLOOMBERG,1,D2C,MTF,DBFTFB,379fa81d-495d-4016-a9c0-a2bc40469829
2022-03-01 12:33:24.525000,FR0011486067,Corporate bond,DIRECTION GENERALE DU TRESOR,1.75,2023-05-25,1288000,EUR,103.006,PERC,,BTFE,BTFE,BLOOMBERG,1,D2C,MTF,DBFTFB,57416b1f-0747-4f93-8f02-ba29e6959c3b
2022-03-01 10:10:28.245000,FR0011486067,Corporate bond,DIRECTION GENERALE DU TRESOR,1.75,2023-05-25,58000,EUR,103.003,PERC,,BTFE,BTFE,BLOOMBERG,1,D2C,MTF,DBFTFB,7bd6d7dd-ae39-4c26-8dcf-187fec1308e8
2022-03-01 07:47:58.864278,FR0011486067,Corporate bond,DIRECTION GENERALE DU TRESOR,1.75,2023-05-25,74500000,EUR,102.888074,PERC,IDAF LRGS,BTFE,BTFE,BLOOMBERG,5,D2C,MTF,DBFTFB,
2022-02-28 16:58:27.156000,FR0011486067,Corporate bond,DIRECTION GENERALE DU TRESOR,1.75,2023-05-25,100000,EUR,102.964,PERC,,BTFE,BTFE,BLOOMBERG,1,D2C,MTF,DBFTFB,c9f77922-f237-4554-896e-8541adf3c6e8
2022-02-28 16:31:24.475000,FR0011486067,Corporate bond,DIRECTION GENERALE DU TRESOR,1.75,2023-05-25,100000,EUR,102.946,PERC,,BTFE,BTFE,BLOOMBERG,1,D2C,MTF,DBFTFB,557e420c-95cf-4121-9b64-adb8e62059c9
2022-02-28 16:26:11.727000,FR0011486067,Corporate bond,DIRECTION GENERALE DU TRESOR,1.75,2023-05-25,50000,EUR,102.944,PERC,,BTFE,BTFE,BLOOMBERG,1,D2C,MTF,DBFTFB,55e49b63-ae0f-4d51-af3e-2a3d4c529a7c
2022-02-28 15:50:20.032000,FR0011486067,Corporate bond,DIRECTION GENERALE DU TRESOR,1.75,2023-05-25,930000,EUR,102.945,PERC,,BTFE,BTFE,BLOOMBERG,1,D2C,MTF,DBFTFB,0beef396-48a6-4f67-a90b-e53d8bddcec4
2022-02-25 13:04:36.463000,FR0011486067,Corporate bond,DIRECTION GENERALE DU TRESOR,1.75,2023-05-25,1000000,EUR,102.863,PERC,,BTFE,BTFE,BLOOMBERG,1,D2C,MTF,DBFTFB,c8c3545e-c91a-40bf-80b1-51050e270e6c
2022-02-25 12:59:47.006000,FR0011486067,Corporate bond,DIRECTION GENERALE DU TRESOR,1.75,2023-05-25,194000,EUR,102.867,PERC,,BTFE,BTFE,BLOOMBERG,1,D2C,MTF,DBFTFB,c8b50ffa-1bcc-4bd7-ab13-9d2e802bd645
2022-02-25 10:59:40.636000,FR0011486067,Corporate bond,DIRECTION GENERALE DU TRESOR,1.75,2023-05-25,33000,EUR,102.873,PERC,,BTFE,BTFE,BLOOMBERG,1,D2C,MTF,DBFTFB,f3cdf516-f8dc-432b-b495-e6ea5e939bc4
2022-02-24 14:57:08.722000,FR0011486067,Corporate bond,DIRECTION GENERALE DU TRESOR,1.75,2023-05-25,83000,EUR,102.879,PERC,,BTFE,BTFE,BLOOMBERG,1,D2C,MTF,DBFTFB,4e06a75e-4fe9-41e6-9c8a-92cf9bcb516e
2022-02-23 14:14:50.745000,FR0011486067,Corporate bond,DIRECTION GENERALE DU TRESOR,1.75,2023-05-25,450000,EUR,102.865,PERC,,BTFE,BTFE,BLOOMBERG,1,D2C,MTF,DBFTFB,80e57934-ee7f-4967-a2f4-02c2376977c2
2022-02-22 14:25:23.335000,FR0011486067,Corporate bond,DIRECTION GENERALE DU TRESOR,1.75,2023-05-25,500000,EUR,102.899,PERC,,BTFE,BTFE,BLOOMBERG,1,D2C,MTF,DBFTFB,b76f67a4-80b9-4205-b446-85d514e4f116
2022-02-22 07:52:59.970179,FR0011486067,Corporate bond,DIRECTION GENERALE DU TRESOR,1.75,2023-05-25,57700000,EUR,102.91838,PERC,IDAF LRGS,BTFE,BTFE,BLOOMBERG,6,D2C,MTF,DBFTFB,
2022-02-18 16:15:25.532000,FR0011486067,Corporate bond,DIRECTION GENERALE DU TRESOR,1.75,2023-05-25,178000,EUR,102.941,PERC,,BTFE,BTFE,BLOOMBERG,1,D2C,MTF,DBFTFB,310a23b3-0b5a-40a4-bed3-f2d87a6b246a
2022-02-16 15:44:59.529000,FR0011486067,Corporate bond,DIRECTION GENERALE DU TRESOR,1.75,2023-05-25,13000,EUR,102.894,PERC,,BTFE,BTFE,BLOOMBERG,1,D2C,MTF,DBFTFB,668eb544-ae5c-45b7-8b98-93dd3d248e0e
2022-02-16 15:43:58.445000,FR0011486067,Corporate bond,DIRECTION GENERALE DU TRESOR,1.75,2023-05-25,100000,EUR,102.898,PERC,,BTFE,BTFE,BLOOMBERG,1,D2C,MTF,DBFTFB,8633aae3-94e4-4be4-9095-3b6fdf08977c
2022-02-16 15:18:04.032000,FR0011486067,Corporate bond,DIRECTION GENERALE DU TRESOR,1.75,2023-05-25,96000,EUR,102.905,PERC,,BTFE,BTFE,BLOOMBERG,1,D2C,MTF,DBFTFB,97ada15d-e34b-46d0-98b6-be726c9f5538
2022-02-16 14:35:40.273000,FR0011486067,Corporate bond,DIRECTION GENERALE DU TRESOR,1.75,2023-05-25,128000,EUR,102.9,PERC,,BTFE,BTFE,BLOOMBERG,1,D2C,MTF,DBFTFB,f75dc0f4-2bf0-4dda-815e-6016480759d5
2022-02-16 14:17:31.847000,FR0011486067,Corporate bond,DIRECTION GENERALE DU TRESOR,1.75,2023-05-25,700000,EUR,102.908,PERC,,BTFE,BTFE,BLOOMBERG,1,D2C,MTF,DBFTFB,4a623165-5cfa-4409-92a6-abe942d30dda
2022-02-15 16:15:49.097000,FR0011486067,Corporate bond,DIRECTION GENERALE DU TRESOR,1.75,2023-05-25,60000,EUR,102.857,PERC,,BTFE,BTFE,BLOOMBERG,1,D2C,MTF,DBFTFB,f60a32aa-007a-41c4-99c2-f26145f2ad05
2022-02-15 07:52:18.118508,FR0011486067,Corporate bond,DIRECTION GENERALE DU TRESOR,1.75,2023-05-25,32000000,EUR,102.86325,PERC,IDAF SIZE,BTFE,BTFE,BLOOMBERG,2,D2C,MTF,DBFTFB,
2022-02-14 16:16:59.302000,FR0011486067,Corporate bond,DIRECTION GENERALE DU TRESOR,1.75,2023-05-25,1900000,EUR,102.865,PERC,,BTFE,BTFE,BLOOMBERG,1,D2C,MTF,DBFTFB,63fdd829-90c6-4f2a-84fe-3ff5e7da5fce
2022-02-11 16:15:10.775000,FR0011486067,Corporate bond,DIRECTION GENERALE DU TRESOR,1.75,2023-05-25,370000,EUR,102.84,PERC,,BTFE,BTFE,BLOOMBERG,1,D2C,MTF,DBFTFB,680d2b3e-b143-4f97-b8f7-f584fdb3a85a
2022-02-11 16:14:59.389000,FR0011486067,Corporate bond,DIRECTION GENERALE DU TRESOR,1.75,2023-05-25,8200,EUR,102.85,PERC,,BTFE,BTFE,BLOOMBERG,1,D2C,MTF,DBFTFB,c69e6e9c-ec65-45de-be04-dee1438ff6ea
2022-02-11 16:14:50.642000,FR0011486067,Corporate bond,DIRECTION GENERALE DU TRESOR,1.75,2023-05-25,2150,EUR,102.856,PERC,,BTFE,BTFE,BLOOMBERG,1,D2C,MTF,DBFTFB,897aed4f-a931-4ff5-bb6a-a7949077651a
2022-02-11 16:13:14.931000,FR0011486067,Corporate bond,DIRECTION GENERALE DU TRESOR,1.75,2023-05-25,40000,EUR,102.851,PERC,,BTFE,BTFE,BLOOMBERG,1,D2C,MTF,DBFTFB,3dd00778-4ce7-48af-b3b8-d84a794e5197
2022-02-10 16:14:44.526000,FR0011486067,Corporate bond,DIRECTION GENERALE DU TRESOR,1.75,2023-05-25,250000,EUR,102.853,PERC,,BTFE,BTFE,BLOOMBERG,1,D2C,MTF,DBFTFB,e60cb129-9a4d-4e6d-9540-a339717c5d2a
2022-02-10 16:12:07.921000,FR0011486067,Corporate bond,DIRECTION GENERALE DU TRESOR,1.75,2023-05-25,50000,EUR,102.868,PERC,,BTFE,BTFE,BLOOMBERG,1,D2C,MTF,DBFTFB,81deb09d-17a8-47be-b24b-ff0d5058babd
2022-02-10 15:53:36.879000,FR0011486067,Corporate bond,DIRECTION GENERALE DU TRESOR,1.75,2023-05-25,400000,EUR,102.873,PERC,,BTFE,BTFE,BLOOMBERG,1,D2C,MTF,DBFTFB,b64d6504-ca97-41e9-9499-fb61c00bbeb5
2022-02-09 16:46:44.475000,FR0011486067,Corporate bond,DIRECTION GENERALE DU TRESOR,1.75,2023-05-25,1000000,EUR,102.888,PERC,,BTFE,BTFE,BLOOMBERG,1,D2C,MTF,DBFTFB,6e68933d-7ea4-4e7c-a659-8ccbbc173cbb
2022-02-08 07:53:17.557446,FR0011486067,Corporate bond,DIRECTION GENERALE DU TRESOR,1.75,2023-05-25,92407610,EUR,103.071059,PERC,IDAF SIZE,BTFE,BTFE,BLOOMBERG,13,D2C,MTF,DBFTFB,
2022-02-07 16:15:46.395000,FR0011486067,Corporate bond,DIRECTION GENERALE DU TRESOR,1.75,2023-05-25,160000,EUR,102.847,PERC,,BTFE,BTFE,BLOOMBERG,1,D2C,MTF,DBFTFB,10de3438-65e7-410c-af6a-7cb9e943227a
2022-02-07 13:54:35.300000,FR0011486067,Corporate bond,DIRECTION GENERALE DU TRESOR,1.75,2023-05-25,29000,EUR,102.838,PERC,,BTFE,BTFE,BLOOMBERG,1,D2C,MTF,DBFTFB,fae461da-3d1c-4372-be26-d692b1c5c470
2022-02-04 13:30:34.030000,FR0011486067,Corporate bond,DIRECTION GENERALE DU TRESOR,1.75,2023-05-25,631000,EUR,102.891,PERC,,BTFE,BTFE,BLOOMBERG,1,D2C,MTF,DBFTFB,68e95c11-ebea-4732-bbe2-72e046ea336a
2022-02-03 15:34:45.776000,FR0011486067,Corporate bond,DIRECTION GENERALE DU TRESOR,1.75,2023-05-25,6000,EUR,102.98,PERC,,BTFE,BTFE,BLOOMBERG,1,D2C,MTF,DBFTFB,7f168d2c-9aa4-4218-b4a0-8897cb8ab3e4
2022-02-02 16:56:45.814000,FR0011486067,Corporate bond,DIRECTION GENERALE DU TRESOR,1.75,2023-05-25,80000,EUR,103.082,PERC,,BTFE,BTFE,BLOOMBERG,1,D2C,MTF,DBFTFB,08e07197-d3c8-419f-b0f1-e1f199c21215
2022-02-01 16:13:06.726000,FR0011486067,Corporate bond,DIRECTION GENERALE DU TRESOR,1.75,2023-05-25,108000,EUR,103.13,PERC,,BTFE,BTFE,BLOOMBERG,1,D2C,MTF,DBFTFB,675aab85-d1bb-4263-9af6-9f458341a24d
2022-02-01 16:12:05.262000,FR0011486067,Corporate bond,DIRECTION GENERALE DU TRESOR,1.75,2023-05-25,108000,EUR,103.1215,PERC,,BTFE,BTFE,BLOOMBERG,1,D2C,MTF,DBFTFB,5edfeb6f-0166-41f3-ae4e-7555e421ae02
2022-02-01 14:44:37.104000,FR0011486067,Corporate bond,DIRECTION GENERALE DU TRESOR,1.75,2023-05-25,2000,EUR,103.13,PERC,,BTFE,BTFE,BLOOMBERG,1,D2C,MTF,DBFTFB,88deb29f-35ad-4c76-b202-3ad6ddfcf673
2022-01-31 16:19:28.387000,FR0011486067,Corporate bond,DIRECTION GENERALE DU TRESOR,1.75,2023-05-25,80000,EUR,103.123,PERC,,BTFE,BTFE,BLOOMBERG,1,D2C,MTF,DBFTFB,b589d715-cdca-43c1-b110-38cb750cfe0b
2022-01-31 16:16:06.897000,FR0011486067,Corporate bond,DIRECTION GENERALE DU TRESOR,1.75,2023-05-25,60000,EUR,103.122,PERC,,BTFE,BTFE,BLOOMBERG,1,D2C,MTF,DBFTFB,8c3e5451-399f-4be5-938a-7312bfc4404d
2022-01-28 10:53:07.260000,FR0011486067,Corporate bond,DIRECTION GENERALE DU TRESOR,1.75,2023-05-25,200000,EUR,103.163,PERC,,BTFE,BTFE,BLOOMBERG,1,D2C,MTF,DBFTFB,8aa9f660-9999-4826-828c-801bd438de36
2022-01-27 15:12:37.450000,FR0011486067,Corporate bond,DIRECTION GENERALE DU TRESOR,1.75,2023-05-25,106000,EUR,103.168,PERC,,BTFE,BTFE,BLOOMBERG,1,D2C,MTF,DBFTFB,555e730b-2df5-4e22-8c36-11b983bd9cc1
2022-01-27 14:39:04.761000,FR0011486067,Corporate bond,DIRECTION GENERALE DU TRESOR,1.75,2023-05-25,29000,EUR,103.168,PERC,,BTFE,BTFE,BLOOMBERG,1,D2C,MTF,DBFTFB,7c976347-4a30-40be-a77b-40171c25b268
2022-01-27 14:38:45.251000,FR0011486067,Corporate bond,DIRECTION GENERALE DU TRESOR,1.75,2023-05-25,500000,EUR,103.17,PERC,,BTFE,BTFE,BLOOMBERG,1,D2C,MTF,DBFTFB,346bcb15-a109-4800-8708-29bf7374bd8e
2022-01-26 14:10:39.961000,FR0011486067,Corporate bond,DIRECTION GENERALE DU TRESOR,1.75,2023-05-25,300000,EUR,103.207,PERC,,BTFE,BTFE,BLOOMBERG,1,D2C,MTF,DBFTFB,b86b046c-fe5c-43e2-abda-364652ad30e6
