Historical Rts2 Post Trade Microsecond,Historical Rts2 Instrument Identification Code,Bond Type Bond Type Desc,Instruments New Issuer Name,Instruments New Bond Fixed Rate,Instruments New Bond Maturity Date,Historical Rts2 Notional Amount,Historical Rts2 Notional Currency,Historical Rts2 Price,Historical Rts2 Price Notation,Historical Rts2 Flag List,Historical Rts2 Venue of Execution,Historical Rts2 Venue of Publication,Mifid Entities Commercial Name,Historical Rts2 Transaction Count,Mifid Entities Platform Type,Mifid Entities Trading Venue Types,Instruments New Cfi,Historical Rts2 Transaction Identification Code
2022-08-01 15:00:35.033557,FR0011486067,Corporate bond,DIRECTION GENERALE DU TRESOR,1.75,2023-05-25,4000000,EUR,101.2401,PERC,,SSOB,SSOB,BONDVISION,1,D2C,MTF,DBFTFB,800391
2022-07-26 15:19:57.136635,FR0011486067,Corporate bond,DIRECTION GENERALE DU TRESOR,1.75,2023-05-25,148000,EUR,101.271,PERC,,SSOB,SSOB,BONDVISION,1,D2C,MTF,DBFTFB,800797
2022-07-19 06:45:00.000000,FR0011486067,Corporate bond,DIRECTION GENERALE DU TRESOR,1.75,2023-05-25,8000000,EUR,101.244,PERC,IDAF,SSOB,SSOB,BONDVISION,1,D2C,MTF,DBFTFB,
2022-07-13 11:03:00.845742,FR0011486067,Corporate bond,DIRECTION GENERALE DU TRESOR,1.75,2023-05-25,2000,EUR,101.293,PERC,,SSOB,SSOB,BONDVISION,1,D2C,MTF,DBFTFB,800492
2022-07-08 15:21:51.443107,FR0011486067,Corporate bond,DIRECTION GENERALE DU TRESOR,1.75,2023-05-25,101000,EUR,101.219,PERC,,SSOB,SSOB,BONDVISION,1,D2C,MTF,DBFTFB,800737
2022-06-30 15:16:41.361242,FR0011486067,Corporate bond,DIRECTION GENERALE DU TRESOR,1.75,2023-05-25,5000,EUR,101.286,PERC,,SSOB,SSOB,BONDVISION,1,D2C,MTF,DBFTFB,800638
2022-06-30 14:57:35.079294,FR0011486067,Corporate bond,DIRECTION GENERALE DU TRESOR,1.75,2023-05-25,500000,EUR,101.296,PERC,,SSOB,SSOB,BONDVISION,1,D2C,MTF,DBFTFB,800504
2022-06-28 15:15:06.195338,FR0011486067,Corporate bond,DIRECTION GENERALE DU TRESOR,1.75,2023-05-25,912000,EUR,101.222,PERC,,SSOB,SSOB,BONDVISION,1,D2C,MTF,DBFTFB,800380
2022-06-27 15:16:55.650803,FR0011486067,Corporate bond,DIRECTION GENERALE DU TRESOR,1.75,2023-05-25,892000,EUR,101.251,PERC,,SSOB,SSOB,BONDVISION,1,D2C,MTF,DBFTFB,800552
2022-06-22 13:53:38.593379,FR0011486067,Corporate bond,DIRECTION GENERALE DU TRESOR,1.75,2023-05-25,2200000,EUR,101.209,PERC,,SSOB,SSOB,BONDVISION,1,D2C,MTF,DBFTFB,800494
2022-06-15 10:37:52.704859,FR0011486067,Corporate bond,DIRECTION GENERALE DU TRESOR,1.75,2023-05-25,4000,EUR,101.139,PERC,,SSOB,SSOB,BONDVISION,1,D2C,MTF,DBFTFB,800384
2022-06-07 14:26:16.811213,FR0011486067,Corporate bond,DIRECTION GENERALE DU TRESOR,1.75,2023-05-25,1700000,EUR,101.471,PERC,,SSOB,SSOB,BONDVISION,1,D2C,MTF,DBFTFB,800455
2022-06-01 09:37:11.174190,FR0011486067,Corporate bond,DIRECTION GENERALE DU TRESOR,1.75,2023-05-25,300000,EUR,101.57,PERC,,SSOB,SSOB,BONDVISION,1,D2C,MTF,DBFTFB,800119
2022-05-31 14:58:15.167522,FR0011486067,Corporate bond,DIRECTION GENERALE DU TRESOR,1.75,2023-05-25,5610000,EUR,101.574,PERC,,SSOB,SSOB,BONDVISION,1,D2C,MTF,DBFTFB,800715
2022-05-12 14:50:59.003924,FR0011486067,Corporate bond,DIRECTION GENERALE DU TRESOR,1.75,2023-05-25,1741000,EUR,102.003,PERC,,SSOB,SSOB,BONDVISION,1,D2C,MTF,DBFTFB,801261
2022-05-10 06:45:00.000000,FR0011486067,Corporate bond,DIRECTION GENERALE DU TRESOR,1.75,2023-05-25,34000000,EUR,101.97,PERC,IDAF,SSOB,SSOB,BONDVISION,1,D2C,MTF,DBFTFB,
2022-05-05 14:00:30.934692,FR0011486067,Corporate bond,DIRECTION GENERALE DU TRESOR,1.75,2023-05-25,800000,EUR,102.007,PERC,,SSOB,SSOB,BONDVISION,1,D2C,MTF,DBFTFB,800604
2022-05-04 13:45:21.847331,FR0011486067,Corporate bond,DIRECTION GENERALE DU TRESOR,1.75,2023-05-25,2000000,EUR,101.985,PERC,,SSOB,SSOB,BONDVISION,1,D2C,MTF,DBFTFB,800590
2022-04-07 13:36:55.345074,FR0011486067,Corporate bond,DIRECTION GENERALE DU TRESOR,1.75,2023-05-25,2400000,EUR,102.316,PERC,,SSOB,SSOB,BONDVISION,1,D2C,MTF,DBFTFB,800498
2022-04-07 12:57:28.279906,FR0011486067,Corporate bond,DIRECTION GENERALE DU TRESOR,1.75,2023-05-25,500000,EUR,102.321,PERC,,SSOB,SSOB,BONDVISION,1,D2C,MTF,DBFTFB,800437
2022-04-06 10:59:02.209070,FR0011486067,Corporate bond,DIRECTION GENERALE DU TRESOR,1.75,2023-05-25,4000,EUR,102.356,PERC,,SSOB,SSOB,BONDVISION,1,D2C,MTF,DBFTFB,800408
2022-03-24 13:05:45.353483,FR0011486067,Corporate bond,DIRECTION GENERALE DU TRESOR,1.75,2023-05-25,238000,EUR,102.661,PERC,,SSOB,SSOB,BONDVISION,1,D2C,MTF,DBFTFB,800424
2022-03-23 15:10:07.928571,FR0011486067,Corporate bond,DIRECTION GENERALE DU TRESOR,1.75,2023-05-25,1800000,EUR,102.693,PERC,,SSOB,SSOB,BONDVISION,1,D2C,MTF,DBFTFB,800463
2022-03-01 14:29:34.817529,FR0011486067,Corporate bond,DIRECTION GENERALE DU TRESOR,1.75,2023-05-25,5000000,EUR,103.017,PERC,,SSOB,SSOB,BONDVISION,1,D2C,MTF,DBFTFB,801041
2022-02-28 12:43:16.292532,FR0011486067,Corporate bond,DIRECTION GENERALE DU TRESOR,1.75,2023-05-25,4000,EUR,102.9195,PERC,,SSOB,SSOB,BONDVISION,1,D2C,MTF,DBFTFB,800319
2022-02-18 16:22:09.875499,FR0011486067,Corporate bond,DIRECTION GENERALE DU TRESOR,1.75,2023-05-25,97000,EUR,102.9331,PERC,,SSOB,SSOB,BONDVISION,1,D2C,MTF,DBFTFB,800573
