Historical Rts2 Post Trade Microsecond,Historical Rts2 Instrument Identification Code,Bond Type Bond Type Desc,Instruments New Issuer Name,Instruments New Bond Fixed Rate,Instruments New Bond Maturity Date,Historical Rts2 Notional Amount,Historical Rts2 Notional Currency,Historical Rts2 Price,Historical Rts2 Price Notation,Historical Rts2 Flag List,Historical Rts2 Venue of Execution,Historical Rts2 Venue of Publication,Mifid Entities Commercial Name,Historical Rts2 Transaction Count,Mifid Entities Platform Type,Mifid Entities Trading Venue Types,Instruments New Cfi,Historical Rts2 Transaction Identification Code
2022-08-04 11:59:07.041164,FR0011486067,Corporate bond,DIRECTION GENERALE DU TRESOR,1.75,2023-05-25,10000000,EUR,101.16,PERC,,FMTS,FMTS,MTS,1,D2D,MTF,DBFTFB,401277
2022-07-25 11:14:03.233221,FR0011486067,Corporate bond,DIRECTION GENERALE DU TRESOR,1.75,2023-05-25,10000000,EUR,101.232,PERC,,FMTS,FMTS,MTS,1,D2D,MTF,DBFTFB,400825
2022-07-25 10:34:52.839264,FR0011486067,Corporate bond,DIRECTION GENERALE DU TRESOR,1.75,2023-05-25,10000000,EUR,101.233,PERC,,FMTS,FMTS,MTS,1,D2D,MTF,DBFTFB,400730
2022-07-22 08:53:37.518968,FR0011486067,Corporate bond,DIRECTION GENERALE DU TRESOR,1.75,2023-05-25,10000000,EUR,101.236,PERC,,FMTS,FMTS,MTS,1,D2D,MTF,DBFTFB,400573
2022-07-22 08:53:37.508821,FR0011486067,Corporate bond,DIRECTION GENERALE DU TRESOR,1.75,2023-05-25,10000000,EUR,101.236,PERC,,FMTS,FMTS,MTS,1,D2D,MTF,DBFTFB,400572
2022-07-21 09:27:49.449719,FR0011486067,Corporate bond,DIRECTION GENERALE DU TRESOR,1.75,2023-05-25,10000000,EUR,101.213,PERC,,FMTS,FMTS,MTS,1,D2D,MTF,DBFTFB,400642
2022-07-21 09:27:49.440609,FR0011486067,Corporate bond,DIRECTION GENERALE DU TRESOR,1.75,2023-05-25,10000000,EUR,101.211,PERC,,FMTS,FMTS,MTS,1,D2D,MTF,DBFTFB,400641
2022-07-21 08:07:33.116033,FR0011486067,Corporate bond,DIRECTION GENERALE DU TRESOR,1.75,2023-05-25,10000000,EUR,101.19,PERC,,FMTS,FMTS,MTS,1,D2D,MTF,DBFTFB,400264
2022-07-19 10:19:01.259489,FR0011486067,Corporate bond,DIRECTION GENERALE DU TRESOR,1.75,2023-05-25,10000000,EUR,101.21,PERC,,FMTS,FMTS,MTS,1,D2D,MTF,DBFTFB,401015
2022-07-19 10:18:36.360062,FR0011486067,Corporate bond,DIRECTION GENERALE DU TRESOR,1.75,2023-05-25,10000000,EUR,101.21,PERC,,FMTS,FMTS,MTS,1,D2D,MTF,DBFTFB,401013
2022-07-18 12:07:32.711741,FR0011486067,Corporate bond,DIRECTION GENERALE DU TRESOR,1.75,2023-05-25,10000000,EUR,101.27,PERC,,FMTS,FMTS,MTS,1,D2D,MTF,DBFTFB,401408
2022-07-18 12:07:32.706439,FR0011486067,Corporate bond,DIRECTION GENERALE DU TRESOR,1.75,2023-05-25,5000000,EUR,101.27,PERC,,FMTS,FMTS,MTS,1,D2D,MTF,DBFTFB,401407
2022-07-18 12:07:32.701454,FR0011486067,Corporate bond,DIRECTION GENERALE DU TRESOR,1.75,2023-05-25,10000000,EUR,101.27,PERC,,FMTS,FMTS,MTS,1,D2D,MTF,DBFTFB,401406
2022-07-18 12:07:32.685336,FR0011486067,Corporate bond,DIRECTION GENERALE DU TRESOR,1.75,2023-05-25,10000000,EUR,101.267,PERC,,FMTS,FMTS,MTS,1,D2D,MTF,DBFTFB,401405
2022-07-18 12:07:32.674439,FR0011486067,Corporate bond,DIRECTION GENERALE DU TRESOR,1.75,2023-05-25,10000000,EUR,101.265,PERC,,FMTS,FMTS,MTS,1,D2D,MTF,DBFTFB,401404
2022-07-18 12:07:32.666687,FR0011486067,Corporate bond,DIRECTION GENERALE DU TRESOR,1.75,2023-05-25,10000000,EUR,101.265,PERC,,FMTS,FMTS,MTS,1,D2D,MTF,DBFTFB,401403
2022-07-18 12:01:04.704560,FR0011486067,Corporate bond,DIRECTION GENERALE DU TRESOR,1.75,2023-05-25,10000000,EUR,101.255,PERC,,FMTS,FMTS,MTS,1,D2D,MTF,DBFTFB,401388
2022-07-18 12:01:04.683884,FR0011486067,Corporate bond,DIRECTION GENERALE DU TRESOR,1.75,2023-05-25,10000000,EUR,101.255,PERC,,FMTS,FMTS,MTS,1,D2D,MTF,DBFTFB,401387
2022-07-15 13:00:42.777952,FR0011486067,Corporate bond,DIRECTION GENERALE DU TRESOR,1.75,2023-05-25,10000000,EUR,101.266,PERC,,FMTS,FMTS,MTS,1,D2D,MTF,DBFTFB,401208
2022-07-15 09:50:59.804200,FR0011486067,Corporate bond,DIRECTION GENERALE DU TRESOR,1.75,2023-05-25,10000000,EUR,101.26,PERC,,FMTS,FMTS,MTS,1,D2D,MTF,DBFTFB,400623
2022-07-15 09:50:32.674837,FR0011486067,Corporate bond,DIRECTION GENERALE DU TRESOR,1.75,2023-05-25,10000000,EUR,101.26,PERC,,FMTS,FMTS,MTS,1,D2D,MTF,DBFTFB,400622
2022-07-15 09:41:02.441818,FR0011486067,Corporate bond,DIRECTION GENERALE DU TRESOR,1.75,2023-05-25,10000000,EUR,101.27,PERC,,FMTS,FMTS,MTS,1,D2D,MTF,DBFTFB,400536
2022-07-15 09:40:37.696062,FR0011486067,Corporate bond,DIRECTION GENERALE DU TRESOR,1.75,2023-05-25,10000000,EUR,101.27,PERC,,FMTS,FMTS,MTS,1,D2D,MTF,DBFTFB,400535
2022-07-15 09:34:54.122549,FR0011486067,Corporate bond,DIRECTION GENERALE DU TRESOR,1.75,2023-05-25,10000000,EUR,101.268,PERC,,FMTS,FMTS,MTS,1,D2D,MTF,DBFTFB,400493
2022-07-15 09:34:54.105194,FR0011486067,Corporate bond,DIRECTION GENERALE DU TRESOR,1.75,2023-05-25,10000000,EUR,101.267,PERC,,FMTS,FMTS,MTS,1,D2D,MTF,DBFTFB,400492
2022-07-15 09:34:54.094430,FR0011486067,Corporate bond,DIRECTION GENERALE DU TRESOR,1.75,2023-05-25,10000000,EUR,101.265,PERC,,FMTS,FMTS,MTS,1,D2D,MTF,DBFTFB,400491
2022-07-14 09:03:08.140947,FR0011486067,Corporate bond,DIRECTION GENERALE DU TRESOR,1.75,2023-05-25,10000000,EUR,101.16,PERC,,FMTS,FMTS,MTS,1,D2D,MTF,DBFTFB,400581
2022-07-13 10:54:42.166180,FR0011486067,Corporate bond,DIRECTION GENERALE DU TRESOR,1.75,2023-05-25,10000000,EUR,101.296,PERC,,FMTS,FMTS,MTS,1,D2D,MTF,DBFTFB,401053
2022-07-13 10:54:42.147100,FR0011486067,Corporate bond,DIRECTION GENERALE DU TRESOR,1.75,2023-05-25,10000000,EUR,101.296,PERC,,FMTS,FMTS,MTS,1,D2D,MTF,DBFTFB,401052
2022-07-13 10:54:42.132066,FR0011486067,Corporate bond,DIRECTION GENERALE DU TRESOR,1.75,2023-05-25,5000000,EUR,101.295,PERC,,FMTS,FMTS,MTS,1,D2D,MTF,DBFTFB,401051
2022-07-13 10:54:42.114128,FR0011486067,Corporate bond,DIRECTION GENERALE DU TRESOR,1.75,2023-05-25,10000000,EUR,101.292,PERC,,FMTS,FMTS,MTS,1,D2D,MTF,DBFTFB,401050
2022-07-13 10:54:42.105427,FR0011486067,Corporate bond,DIRECTION GENERALE DU TRESOR,1.75,2023-05-25,10000000,EUR,101.292,PERC,,FMTS,FMTS,MTS,1,D2D,MTF,DBFTFB,401049
2022-07-13 10:54:42.082115,FR0011486067,Corporate bond,DIRECTION GENERALE DU TRESOR,1.75,2023-05-25,10000000,EUR,101.291,PERC,,FMTS,FMTS,MTS,1,D2D,MTF,DBFTFB,401048
2022-07-13 10:54:42.055486,FR0011486067,Corporate bond,DIRECTION GENERALE DU TRESOR,1.75,2023-05-25,10000000,EUR,101.291,PERC,,FMTS,FMTS,MTS,1,D2D,MTF,DBFTFB,401047
2022-07-01 11:14:00.540355,FR0011486067,Corporate bond,DIRECTION GENERALE DU TRESOR,1.75,2023-05-25,10000000,EUR,101.302,PERC,,FMTS,FMTS,MTS,1,D2D,MTF,DBFTFB,401501
2022-06-30 12:35:22.634124,FR0011486067,Corporate bond,DIRECTION GENERALE DU TRESOR,1.75,2023-05-25,10000000,EUR,101.3,PERC,,FMTS,FMTS,MTS,1,D2D,MTF,DBFTFB,401534
2022-06-28 15:00:51.601000,FR0011486067,Corporate bond,DIRECTION GENERALE DU TRESOR,1.75,2023-05-25,10000000,EUR,101.23,PERC,,FMTS,FMTS,MTS,1,D2D,MTF,DBFTFB,402675
2022-06-28 14:24:34.444236,FR0011486067,Corporate bond,DIRECTION GENERALE DU TRESOR,1.75,2023-05-25,10000000,EUR,101.23,PERC,,FMTS,FMTS,MTS,1,D2D,MTF,DBFTFB,402448
2022-06-28 10:27:40.256791,FR0011486067,Corporate bond,DIRECTION GENERALE DU TRESOR,1.75,2023-05-25,10000000,EUR,101.21,PERC,,FMTS,FMTS,MTS,1,D2D,MTF,DBFTFB,401162
2022-06-28 08:04:57.245154,FR0011486067,Corporate bond,DIRECTION GENERALE DU TRESOR,1.75,2023-05-25,10000000,EUR,101.195,PERC,,FMTS,FMTS,MTS,1,D2D,MTF,DBFTFB,400311
2022-06-27 10:42:00.870279,FR0011486067,Corporate bond,DIRECTION GENERALE DU TRESOR,1.75,2023-05-25,10000000,EUR,101.228,PERC,,FMTS,FMTS,MTS,1,D2D,MTF,DBFTFB,401191
2022-06-27 10:42:00.863448,FR0011486067,Corporate bond,DIRECTION GENERALE DU TRESOR,1.75,2023-05-25,10000000,EUR,101.228,PERC,,FMTS,FMTS,MTS,1,D2D,MTF,DBFTFB,401190
2022-06-24 15:08:21.342078,FR0011486067,Corporate bond,DIRECTION GENERALE DU TRESOR,1.75,2023-05-25,5000000,EUR,101.292,PERC,,FMTS,FMTS,MTS,1,D2D,MTF,DBFTFB,402263
2022-06-24 15:08:14.757601,FR0011486067,Corporate bond,DIRECTION GENERALE DU TRESOR,1.75,2023-05-25,15000000,EUR,101.292,PERC,,FMTS,FMTS,MTS,1,D2D,MTF,DBFTFB,402262
2022-06-24 15:08:06.587013,FR0011486067,Corporate bond,DIRECTION GENERALE DU TRESOR,1.75,2023-05-25,15000000,EUR,101.292,PERC,,FMTS,FMTS,MTS,1,D2D,MTF,DBFTFB,402261
2022-06-24 15:07:46.702332,FR0011486067,Corporate bond,DIRECTION GENERALE DU TRESOR,1.75,2023-05-25,15000000,EUR,101.292,PERC,,FMTS,FMTS,MTS,1,D2D,MTF,DBFTFB,402260
2022-06-22 08:49:19.544104,FR0011486067,Corporate bond,DIRECTION GENERALE DU TRESOR,1.75,2023-05-25,10000000,EUR,101.2,PERC,,FMTS,FMTS,MTS,1,D2D,MTF,DBFTFB,400695
2022-06-16 09:38:41.549341,FR0011486067,Corporate bond,DIRECTION GENERALE DU TRESOR,1.75,2023-05-25,10000000,EUR,101.097,PERC,,FMTS,FMTS,MTS,1,D2D,MTF,DBFTFB,400630
2022-06-14 08:24:06.466552,FR0011486067,Corporate bond,DIRECTION GENERALE DU TRESOR,1.75,2023-05-25,8000000,EUR,101.203,PERC,,FMTS,FMTS,MTS,1,D2D,MTF,DBFTFB,400388
2022-06-13 09:04:01.402834,FR0011486067,Corporate bond,DIRECTION GENERALE DU TRESOR,1.75,2023-05-25,10000000,EUR,101.219,PERC,,FMTS,FMTS,MTS,1,D2D,MTF,DBFTFB,400767
2022-06-13 09:04:01.392647,FR0011486067,Corporate bond,DIRECTION GENERALE DU TRESOR,1.75,2023-05-25,10000000,EUR,101.221,PERC,,FMTS,FMTS,MTS,1,D2D,MTF,DBFTFB,400766
2022-06-10 08:58:57.498702,FR0011486067,Corporate bond,DIRECTION GENERALE DU TRESOR,1.75,2023-05-25,10000000,EUR,101.355,PERC,,FMTS,FMTS,MTS,1,D2D,MTF,DBFTFB,400778
2022-06-08 11:13:14.884105,FR0011486067,Corporate bond,DIRECTION GENERALE DU TRESOR,1.75,2023-05-25,10000000,EUR,101.453,PERC,,FMTS,FMTS,MTS,1,D2D,MTF,DBFTFB,401589
2022-06-02 15:11:07.831191,FR0011486067,Corporate bond,DIRECTION GENERALE DU TRESOR,1.75,2023-05-25,10000000,EUR,101.527,PERC,,FMTS,FMTS,MTS,1,D2D,MTF,DBFTFB,402686
2022-06-02 14:53:54.662790,FR0011486067,Corporate bond,DIRECTION GENERALE DU TRESOR,1.75,2023-05-25,10000000,EUR,101.531,PERC,,FMTS,FMTS,MTS,1,D2D,MTF,DBFTFB,402598
2022-06-02 14:18:09.729800,FR0011486067,Corporate bond,DIRECTION GENERALE DU TRESOR,1.75,2023-05-25,10000000,EUR,101.536,PERC,,FMTS,FMTS,MTS,1,D2D,MTF,DBFTFB,402327
2022-06-02 08:02:47.087134,FR0011486067,Corporate bond,DIRECTION GENERALE DU TRESOR,1.75,2023-05-25,10000000,EUR,101.544,PERC,,FMTS,FMTS,MTS,1,D2D,MTF,DBFTFB,400329
2022-06-01 13:32:45.860055,FR0011486067,Corporate bond,DIRECTION GENERALE DU TRESOR,1.75,2023-05-25,10000000,EUR,101.58,PERC,,FMTS,FMTS,MTS,1,D2D,MTF,DBFTFB,402458
2022-06-01 11:09:31.600223,FR0011486067,Corporate bond,DIRECTION GENERALE DU TRESOR,1.75,2023-05-25,10000000,EUR,101.575,PERC,,FMTS,FMTS,MTS,1,D2D,MTF,DBFTFB,401685
2022-06-01 10:31:25.823827,FR0011486067,Corporate bond,DIRECTION GENERALE DU TRESOR,1.75,2023-05-25,10000000,EUR,101.575,PERC,,FMTS,FMTS,MTS,1,D2D,MTF,DBFTFB,401397
2022-06-01 09:47:35.161869,FR0011486067,Corporate bond,DIRECTION GENERALE DU TRESOR,1.75,2023-05-25,10000000,EUR,101.575,PERC,,FMTS,FMTS,MTS,1,D2D,MTF,DBFTFB,400996
2022-06-01 08:23:55.809224,FR0011486067,Corporate bond,DIRECTION GENERALE DU TRESOR,1.75,2023-05-25,10000000,EUR,101.565,PERC,,FMTS,FMTS,MTS,1,D2D,MTF,DBFTFB,400394
2022-06-01 08:00:18.282494,FR0011486067,Corporate bond,DIRECTION GENERALE DU TRESOR,1.75,2023-05-25,10000000,EUR,101.57,PERC,,FMTS,FMTS,MTS,1,D2D,MTF,DBFTFB,400249
2022-06-01 08:00:18.270523,FR0011486067,Corporate bond,DIRECTION GENERALE DU TRESOR,1.75,2023-05-25,10000000,EUR,101.57,PERC,,FMTS,FMTS,MTS,1,D2D,MTF,DBFTFB,400248
2022-06-01 07:59:00.365919,FR0011486067,Corporate bond,DIRECTION GENERALE DU TRESOR,1.75,2023-05-25,10000000,EUR,101.57,PERC,,FMTS,FMTS,MTS,1,D2D,MTF,DBFTFB,400245
2022-06-01 07:32:48.553002,FR0011486067,Corporate bond,DIRECTION GENERALE DU TRESOR,1.75,2023-05-25,10000000,EUR,101.56,PERC,,FMTS,FMTS,MTS,1,D2D,MTF,DBFTFB,400105
2022-06-01 07:32:48.352346,FR0011486067,Corporate bond,DIRECTION GENERALE DU TRESOR,1.75,2023-05-25,10000000,EUR,101.56,PERC,,FMTS,FMTS,MTS,1,D2D,MTF,DBFTFB,400104
2022-06-01 07:32:48.202659,FR0011486067,Corporate bond,DIRECTION GENERALE DU TRESOR,1.75,2023-05-25,10000000,EUR,101.56,PERC,,FMTS,FMTS,MTS,1,D2D,MTF,DBFTFB,400103
2022-06-01 07:32:48.117858,FR0011486067,Corporate bond,DIRECTION GENERALE DU TRESOR,1.75,2023-05-25,10000000,EUR,101.56,PERC,,FMTS,FMTS,MTS,1,D2D,MTF,DBFTFB,400102
2022-06-01 07:32:48.067786,FR0011486067,Corporate bond,DIRECTION GENERALE DU TRESOR,1.75,2023-05-25,10000000,EUR,101.56,PERC,,FMTS,FMTS,MTS,1,D2D,MTF,DBFTFB,400101
2022-06-01 07:31:58.609709,FR0011486067,Corporate bond,DIRECTION GENERALE DU TRESOR,1.75,2023-05-25,10000000,EUR,101.56,PERC,,FMTS,FMTS,MTS,1,D2D,MTF,DBFTFB,400096
2022-06-01 07:31:28.383980,FR0011486067,Corporate bond,DIRECTION GENERALE DU TRESOR,1.75,2023-05-25,10000000,EUR,101.56,PERC,,FMTS,FMTS,MTS,1,D2D,MTF,DBFTFB,400095
2022-05-31 12:10:09.889400,FR0011486067,Corporate bond,DIRECTION GENERALE DU TRESOR,1.75,2023-05-25,10000000,EUR,101.575,PERC,,FMTS,FMTS,MTS,1,D2D,MTF,DBFTFB,401819
2022-05-31 09:22:24.073847,FR0011486067,Corporate bond,DIRECTION GENERALE DU TRESOR,1.75,2023-05-25,10000000,EUR,101.612,PERC,,FMTS,FMTS,MTS,1,D2D,MTF,DBFTFB,401085
2022-05-30 15:19:21.555656,FR0011486067,Corporate bond,DIRECTION GENERALE DU TRESOR,1.75,2023-05-25,10000000,EUR,101.631,PERC,,FMTS,FMTS,MTS,1,D2D,MTF,DBFTFB,402911
2022-05-30 13:39:56.068853,FR0011486067,Corporate bond,DIRECTION GENERALE DU TRESOR,1.75,2023-05-25,10000000,EUR,101.615,PERC,,FMTS,FMTS,MTS,1,D2D,MTF,DBFTFB,402285
2022-05-30 12:11:27.857993,FR0011486067,Corporate bond,DIRECTION GENERALE DU TRESOR,1.75,2023-05-25,10000000,EUR,101.62,PERC,,FMTS,FMTS,MTS,1,D2D,MTF,DBFTFB,401779
2022-05-30 10:49:35.295871,FR0011486067,Corporate bond,DIRECTION GENERALE DU TRESOR,1.75,2023-05-25,10000000,EUR,101.61,PERC,,FMTS,FMTS,MTS,1,D2D,MTF,DBFTFB,401395
2022-05-30 10:49:35.285663,FR0011486067,Corporate bond,DIRECTION GENERALE DU TRESOR,1.75,2023-05-25,10000000,EUR,101.61,PERC,,FMTS,FMTS,MTS,1,D2D,MTF,DBFTFB,401394
2022-05-30 10:49:35.280947,FR0011486067,Corporate bond,DIRECTION GENERALE DU TRESOR,1.75,2023-05-25,10000000,EUR,101.61,PERC,,FMTS,FMTS,MTS,1,D2D,MTF,DBFTFB,401393
2022-05-30 10:49:35.276592,FR0011486067,Corporate bond,DIRECTION GENERALE DU TRESOR,1.75,2023-05-25,10000000,EUR,101.61,PERC,,FMTS,FMTS,MTS,1,D2D,MTF,DBFTFB,401392
2022-05-30 10:49:35.268422,FR0011486067,Corporate bond,DIRECTION GENERALE DU TRESOR,1.75,2023-05-25,10000000,EUR,101.61,PERC,,FMTS,FMTS,MTS,1,D2D,MTF,DBFTFB,401391
2022-05-30 10:49:35.259319,FR0011486067,Corporate bond,DIRECTION GENERALE DU TRESOR,1.75,2023-05-25,10000000,EUR,101.61,PERC,,FMTS,FMTS,MTS,1,D2D,MTF,DBFTFB,401390
2022-05-30 10:49:35.250883,FR0011486067,Corporate bond,DIRECTION GENERALE DU TRESOR,1.75,2023-05-25,10000000,EUR,101.61,PERC,,FMTS,FMTS,MTS,1,D2D,MTF,DBFTFB,401389
2022-05-30 10:49:35.242638,FR0011486067,Corporate bond,DIRECTION GENERALE DU TRESOR,1.75,2023-05-25,10000000,EUR,101.61,PERC,,FMTS,FMTS,MTS,1,D2D,MTF,DBFTFB,401388
2022-05-30 10:49:35.236192,FR0011486067,Corporate bond,DIRECTION GENERALE DU TRESOR,1.75,2023-05-25,10000000,EUR,101.61,PERC,,FMTS,FMTS,MTS,1,D2D,MTF,DBFTFB,401387
2022-05-30 10:49:35.230000,FR0011486067,Corporate bond,DIRECTION GENERALE DU TRESOR,1.75,2023-05-25,10000000,EUR,101.61,PERC,,FMTS,FMTS,MTS,1,D2D,MTF,DBFTFB,401386
2022-05-30 10:47:38.759430,FR0011486067,Corporate bond,DIRECTION GENERALE DU TRESOR,1.75,2023-05-25,10000000,EUR,101.61,PERC,,FMTS,FMTS,MTS,1,D2D,MTF,DBFTFB,401368
2022-05-30 09:35:35.752919,FR0011486067,Corporate bond,DIRECTION GENERALE DU TRESOR,1.75,2023-05-25,10000000,EUR,101.61,PERC,,FMTS,FMTS,MTS,1,D2D,MTF,DBFTFB,401070
2022-05-30 08:13:21.084005,FR0011486067,Corporate bond,DIRECTION GENERALE DU TRESOR,1.75,2023-05-25,10000000,EUR,101.595,PERC,,FMTS,FMTS,MTS,1,D2D,MTF,DBFTFB,400586
2022-05-30 08:13:21.063867,FR0011486067,Corporate bond,DIRECTION GENERALE DU TRESOR,1.75,2023-05-25,10000000,EUR,101.596,PERC,,FMTS,FMTS,MTS,1,D2D,MTF,DBFTFB,400585
2022-05-26 13:40:44.276480,FR0011486067,Corporate bond,DIRECTION GENERALE DU TRESOR,1.75,2023-05-25,10000000,EUR,101.707,PERC,,FMTS,FMTS,MTS,1,D2D,MTF,DBFTFB,402399
2022-05-26 13:26:35.896565,FR0011486067,Corporate bond,DIRECTION GENERALE DU TRESOR,1.75,2023-05-25,10000000,EUR,101.725,PERC,,FMTS,FMTS,MTS,1,D2D,MTF,DBFTFB,402282
2022-05-26 13:25:18.971741,FR0011486067,Corporate bond,DIRECTION GENERALE DU TRESOR,1.75,2023-05-25,10000000,EUR,101.725,PERC,,FMTS,FMTS,MTS,1,D2D,MTF,DBFTFB,402278
2022-05-26 10:04:45.154546,FR0011486067,Corporate bond,DIRECTION GENERALE DU TRESOR,1.75,2023-05-25,10000000,EUR,101.698,PERC,,FMTS,FMTS,MTS,1,D2D,MTF,DBFTFB,401100
2022-05-26 10:04:45.133660,FR0011486067,Corporate bond,DIRECTION GENERALE DU TRESOR,1.75,2023-05-25,10000000,EUR,101.7,PERC,,FMTS,FMTS,MTS,1,D2D,MTF,DBFTFB,401099
2022-05-26 08:35:40.512523,FR0011486067,Corporate bond,DIRECTION GENERALE DU TRESOR,1.75,2023-05-25,10000000,EUR,101.718,PERC,,FMTS,FMTS,MTS,1,D2D,MTF,DBFTFB,400554
2022-05-26 08:35:40.502752,FR0011486067,Corporate bond,DIRECTION GENERALE DU TRESOR,1.75,2023-05-25,10000000,EUR,101.719,PERC,,FMTS,FMTS,MTS,1,D2D,MTF,DBFTFB,400553
2022-05-23 14:01:46.654573,FR0011486067,Corporate bond,DIRECTION GENERALE DU TRESOR,1.75,2023-05-25,10000000,EUR,101.769,PERC,,FMTS,FMTS,MTS,1,D2D,MTF,DBFTFB,402151
2022-05-20 14:41:47.131999,FR0011486067,Corporate bond,DIRECTION GENERALE DU TRESOR,1.75,2023-05-25,5000000,EUR,101.783,PERC,,FMTS,FMTS,MTS,1,D2D,MTF,DBFTFB,401865
2022-05-20 09:49:50.876797,FR0011486067,Corporate bond,DIRECTION GENERALE DU TRESOR,1.75,2023-05-25,10000000,EUR,101.77,PERC,,FMTS,FMTS,MTS,1,D2D,MTF,DBFTFB,400593
2022-05-20 09:49:50.872431,FR0011486067,Corporate bond,DIRECTION GENERALE DU TRESOR,1.75,2023-05-25,10000000,EUR,101.77,PERC,,FMTS,FMTS,MTS,1,D2D,MTF,DBFTFB,400592
2022-05-19 10:19:52.184086,FR0011486067,Corporate bond,DIRECTION GENERALE DU TRESOR,1.75,2023-05-25,10000000,EUR,101.82,PERC,,FMTS,FMTS,MTS,1,D2D,MTF,DBFTFB,401179
2022-05-17 10:27:10.528150,FR0011486067,Corporate bond,DIRECTION GENERALE DU TRESOR,1.75,2023-05-25,10000000,EUR,101.88,PERC,,FMTS,FMTS,MTS,1,D2D,MTF,DBFTFB,401727
2022-04-29 15:19:42.626945,FR0011486067,Corporate bond,DIRECTION GENERALE DU TRESOR,1.75,2023-05-25,10000000,EUR,101.976,PERC,,FMTS,FMTS,MTS,1,D2D,MTF,DBFTFB,403667
2022-04-27 11:34:46.454367,FR0011486067,Corporate bond,DIRECTION GENERALE DU TRESOR,1.75,2023-05-25,10000000,EUR,102.1,PERC,,FMTS,FMTS,MTS,1,D2D,MTF,DBFTFB,401792
2022-04-26 09:35:56.248149,FR0011486067,Corporate bond,DIRECTION GENERALE DU TRESOR,1.75,2023-05-25,10000000,EUR,102.103,PERC,,FMTS,FMTS,MTS,1,D2D,MTF,DBFTFB,400896
2022-04-26 08:49:39.812746,FR0011486067,Corporate bond,DIRECTION GENERALE DU TRESOR,1.75,2023-05-25,10000000,EUR,102.08,PERC,,FMTS,FMTS,MTS,1,D2D,MTF,DBFTFB,400547
2022-04-25 14:01:06.486428,FR0011486067,Corporate bond,DIRECTION GENERALE DU TRESOR,1.75,2023-05-25,10000000,EUR,102.097,PERC,,FMTS,FMTS,MTS,1,D2D,MTF,DBFTFB,402881
2022-04-22 14:27:47.490244,FR0011486067,Corporate bond,DIRECTION GENERALE DU TRESOR,1.75,2023-05-25,10000000,EUR,102.043,PERC,,FMTS,FMTS,MTS,1,D2D,MTF,DBFTFB,403598
2022-04-22 14:27:47.485134,FR0011486067,Corporate bond,DIRECTION GENERALE DU TRESOR,1.75,2023-05-25,10000000,EUR,102.045,PERC,,FMTS,FMTS,MTS,1,D2D,MTF,DBFTFB,403597
2022-04-22 14:27:47.475154,FR0011486067,Corporate bond,DIRECTION GENERALE DU TRESOR,1.75,2023-05-25,10000000,EUR,102.046,PERC,,FMTS,FMTS,MTS,1,D2D,MTF,DBFTFB,403596
2022-04-21 08:49:43.446036,FR0011486067,Corporate bond,DIRECTION GENERALE DU TRESOR,1.75,2023-05-25,10000000,EUR,102.135,PERC,,FMTS,FMTS,MTS,1,D2D,MTF,DBFTFB,400751
2022-04-20 14:24:24.566013,FR0011486067,Corporate bond,DIRECTION GENERALE DU TRESOR,1.75,2023-05-25,10000000,EUR,102.235,PERC,,FMTS,FMTS,MTS,1,D2D,MTF,DBFTFB,403326
2022-04-20 09:23:43.197472,FR0011486067,Corporate bond,DIRECTION GENERALE DU TRESOR,1.75,2023-05-25,10000000,EUR,102.275,PERC,,FMTS,FMTS,MTS,1,D2D,MTF,DBFTFB,401191
2022-04-19 12:42:03.388457,FR0011486067,Corporate bond,DIRECTION GENERALE DU TRESOR,1.75,2023-05-25,10000000,EUR,102.26,PERC,,FMTS,FMTS,MTS,1,D2D,MTF,DBFTFB,402060
2022-04-19 11:55:21.589531,FR0011486067,Corporate bond,DIRECTION GENERALE DU TRESOR,1.75,2023-05-25,10000000,EUR,102.255,PERC,,FMTS,FMTS,MTS,1,D2D,MTF,DBFTFB,401670
2022-04-14 14:06:16.900798,FR0011486067,Corporate bond,DIRECTION GENERALE DU TRESOR,1.75,2023-05-25,10000000,EUR,102.26,PERC,,FMTS,FMTS,MTS,1,D2D,MTF,DBFTFB,401566
2022-04-14 14:02:57.125914,FR0011486067,Corporate bond,DIRECTION GENERALE DU TRESOR,1.75,2023-05-25,10000000,EUR,102.258,PERC,,FMTS,FMTS,MTS,1,D2D,MTF,DBFTFB,401512
2022-04-14 14:02:57.117913,FR0011486067,Corporate bond,DIRECTION GENERALE DU TRESOR,1.75,2023-05-25,10000000,EUR,102.258,PERC,,FMTS,FMTS,MTS,1,D2D,MTF,DBFTFB,401511
2022-04-14 11:43:44.168669,FR0011486067,Corporate bond,DIRECTION GENERALE DU TRESOR,1.75,2023-05-25,10000000,EUR,102.25,PERC,,FMTS,FMTS,MTS,1,D2D,MTF,DBFTFB,401261
2022-04-14 11:38:04.709648,FR0011486067,Corporate bond,DIRECTION GENERALE DU TRESOR,1.75,2023-05-25,10000000,EUR,102.24,PERC,,FMTS,FMTS,MTS,1,D2D,MTF,DBFTFB,401215
2022-04-14 11:28:24.621294,FR0011486067,Corporate bond,DIRECTION GENERALE DU TRESOR,1.75,2023-05-25,10000000,EUR,102.24,PERC,,FMTS,FMTS,MTS,1,D2D,MTF,DBFTFB,401201
2022-04-05 14:46:52.378978,FR0011486067,Corporate bond,DIRECTION GENERALE DU TRESOR,1.75,2023-05-25,5000000,EUR,102.354,PERC,,FMTS,FMTS,MTS,1,D2D,MTF,DBFTFB,403718
2022-04-01 07:17:24.788638,FR0011486067,Corporate bond,DIRECTION GENERALE DU TRESOR,1.75,2023-05-25,10000000,EUR,102.419,PERC,,FMTS,FMTS,MTS,1,D2D,MTF,DBFTFB,400133
2022-03-31 15:21:07.970080,FR0011486067,Corporate bond,DIRECTION GENERALE DU TRESOR,1.75,2023-05-25,10000000,EUR,102.41,PERC,,FMTS,FMTS,MTS,1,D2D,MTF,DBFTFB,403230
2022-03-31 15:21:07.955092,FR0011486067,Corporate bond,DIRECTION GENERALE DU TRESOR,1.75,2023-05-25,10000000,EUR,102.41,PERC,,FMTS,FMTS,MTS,1,D2D,MTF,DBFTFB,403229
2022-03-31 15:21:07.946098,FR0011486067,Corporate bond,DIRECTION GENERALE DU TRESOR,1.75,2023-05-25,10000000,EUR,102.41,PERC,,FMTS,FMTS,MTS,1,D2D,MTF,DBFTFB,403228
2022-03-31 15:21:07.918593,FR0011486067,Corporate bond,DIRECTION GENERALE DU TRESOR,1.75,2023-05-25,10000000,EUR,102.41,PERC,,FMTS,FMTS,MTS,1,D2D,MTF,DBFTFB,403227
2022-03-31 15:21:07.903427,FR0011486067,Corporate bond,DIRECTION GENERALE DU TRESOR,1.75,2023-05-25,10000000,EUR,102.41,PERC,,FMTS,FMTS,MTS,1,D2D,MTF,DBFTFB,403226
2022-03-31 15:21:00.738649,FR0011486067,Corporate bond,DIRECTION GENERALE DU TRESOR,1.75,2023-05-25,10000000,EUR,102.41,PERC,,FMTS,FMTS,MTS,1,D2D,MTF,DBFTFB,403225
2022-03-31 15:18:04.685402,FR0011486067,Corporate bond,DIRECTION GENERALE DU TRESOR,1.75,2023-05-25,10000000,EUR,102.41,PERC,,FMTS,FMTS,MTS,1,D2D,MTF,DBFTFB,403210
2022-03-31 15:12:14.406863,FR0011486067,Corporate bond,DIRECTION GENERALE DU TRESOR,1.75,2023-05-25,10000000,EUR,102.41,PERC,,FMTS,FMTS,MTS,1,D2D,MTF,DBFTFB,403150
2022-03-31 15:06:28.598351,FR0011486067,Corporate bond,DIRECTION GENERALE DU TRESOR,1.75,2023-05-25,10000000,EUR,102.435,PERC,,FMTS,FMTS,MTS,1,D2D,MTF,DBFTFB,403101
2022-03-31 14:46:54.942891,FR0011486067,Corporate bond,DIRECTION GENERALE DU TRESOR,1.75,2023-05-25,5000000,EUR,102.465,PERC,,FMTS,FMTS,MTS,1,D2D,MTF,DBFTFB,402941
2022-03-31 13:08:59.739932,FR0011486067,Corporate bond,DIRECTION GENERALE DU TRESOR,1.75,2023-05-25,10000000,EUR,102.448,PERC,,FMTS,FMTS,MTS,1,D2D,MTF,DBFTFB,402446
2022-03-31 12:38:53.803812,FR0011486067,Corporate bond,DIRECTION GENERALE DU TRESOR,1.75,2023-05-25,5000000,EUR,102.437,PERC,,FMTS,FMTS,MTS,1,D2D,MTF,DBFTFB,402199
2022-03-31 12:38:53.790196,FR0011486067,Corporate bond,DIRECTION GENERALE DU TRESOR,1.75,2023-05-25,25000000,EUR,102.463,PERC,,FMTS,FMTS,MTS,1,D2D,MTF,DBFTFB,402198
2022-03-31 12:38:53.760425,FR0011486067,Corporate bond,DIRECTION GENERALE DU TRESOR,1.75,2023-05-25,10000000,EUR,102.463,PERC,,FMTS,FMTS,MTS,1,D2D,MTF,DBFTFB,402197
2022-03-31 12:38:53.740162,FR0011486067,Corporate bond,DIRECTION GENERALE DU TRESOR,1.75,2023-05-25,10000000,EUR,102.464,PERC,,FMTS,FMTS,MTS,1,D2D,MTF,DBFTFB,402196
2022-03-31 12:38:53.728527,FR0011486067,Corporate bond,DIRECTION GENERALE DU TRESOR,1.75,2023-05-25,10000000,EUR,102.464,PERC,,FMTS,FMTS,MTS,1,D2D,MTF,DBFTFB,402195
2022-03-31 12:38:53.711220,FR0011486067,Corporate bond,DIRECTION GENERALE DU TRESOR,1.75,2023-05-25,10000000,EUR,102.465,PERC,,FMTS,FMTS,MTS,1,D2D,MTF,DBFTFB,402194
2022-03-30 09:54:29.691903,FR0011486067,Corporate bond,DIRECTION GENERALE DU TRESOR,1.75,2023-05-25,9000000,EUR,102.466,PERC,,FMTS,FMTS,MTS,1,D2D,MTF,DBFTFB,401335
2022-03-30 09:54:29.675271,FR0011486067,Corporate bond,DIRECTION GENERALE DU TRESOR,1.75,2023-05-25,10000000,EUR,102.467,PERC,,FMTS,FMTS,MTS,1,D2D,MTF,DBFTFB,401333
2022-03-22 15:20:16.495908,FR0011486067,Corporate bond,DIRECTION GENERALE DU TRESOR,1.75,2023-05-25,10000000,EUR,102.66,PERC,,FMTS,FMTS,MTS,1,D2D,MTF,DBFTFB,402462
2022-03-22 11:52:34.170087,FR0011486067,Corporate bond,DIRECTION GENERALE DU TRESOR,1.75,2023-05-25,10000000,EUR,102.68,PERC,,FMTS,FMTS,MTS,1,D2D,MTF,DBFTFB,401227
2022-03-18 12:07:39.379595,FR0011486067,Corporate bond,DIRECTION GENERALE DU TRESOR,1.75,2023-05-25,10000000,EUR,102.735,PERC,,FMTS,FMTS,MTS,1,D2D,MTF,DBFTFB,400965
2022-03-17 13:54:49.755767,FR0011486067,Corporate bond,DIRECTION GENERALE DU TRESOR,1.75,2023-05-25,10000000,EUR,102.725,PERC,,FMTS,FMTS,MTS,1,D2D,MTF,DBFTFB,401799
2022-03-17 11:10:20.560360,FR0011486067,Corporate bond,DIRECTION GENERALE DU TRESOR,1.75,2023-05-25,10000000,EUR,102.725,PERC,,FMTS,FMTS,MTS,1,D2D,MTF,DBFTFB,401129
2022-03-17 11:02:22.415613,FR0011486067,Corporate bond,DIRECTION GENERALE DU TRESOR,1.75,2023-05-25,10000000,EUR,102.725,PERC,,FMTS,FMTS,MTS,1,D2D,MTF,DBFTFB,401041
2022-03-17 11:02:22.405729,FR0011486067,Corporate bond,DIRECTION GENERALE DU TRESOR,1.75,2023-05-25,10000000,EUR,102.725,PERC,,FMTS,FMTS,MTS,1,D2D,MTF,DBFTFB,401040
2022-03-17 11:02:22.386674,FR0011486067,Corporate bond,DIRECTION GENERALE DU TRESOR,1.75,2023-05-25,10000000,EUR,102.725,PERC,,FMTS,FMTS,MTS,1,D2D,MTF,DBFTFB,401039
2022-03-17 10:28:49.117296,FR0011486067,Corporate bond,DIRECTION GENERALE DU TRESOR,1.75,2023-05-25,10000000,EUR,102.725,PERC,,FMTS,FMTS,MTS,1,D2D,MTF,DBFTFB,400893
2022-03-17 09:06:34.879076,FR0011486067,Corporate bond,DIRECTION GENERALE DU TRESOR,1.75,2023-05-25,10000000,EUR,102.72,PERC,,FMTS,FMTS,MTS,1,D2D,MTF,DBFTFB,400349
2022-03-15 16:04:51.133721,FR0011486067,Corporate bond,DIRECTION GENERALE DU TRESOR,1.75,2023-05-25,10000000,EUR,102.773,PERC,,FMTS,FMTS,MTS,1,D2D,MTF,DBFTFB,403128
2022-03-15 09:39:42.501785,FR0011486067,Corporate bond,DIRECTION GENERALE DU TRESOR,1.75,2023-05-25,5000000,EUR,102.735,PERC,,FMTS,FMTS,MTS,1,D2D,MTF,DBFTFB,400709
2022-03-15 09:39:42.495116,FR0011486067,Corporate bond,DIRECTION GENERALE DU TRESOR,1.75,2023-05-25,10000000,EUR,102.736,PERC,,FMTS,FMTS,MTS,1,D2D,MTF,DBFTFB,400708
2022-03-15 09:39:42.478296,FR0011486067,Corporate bond,DIRECTION GENERALE DU TRESOR,1.75,2023-05-25,10000000,EUR,102.741,PERC,,FMTS,FMTS,MTS,1,D2D,MTF,DBFTFB,400707
2022-03-15 09:39:42.464508,FR0011486067,Corporate bond,DIRECTION GENERALE DU TRESOR,1.75,2023-05-25,10000000,EUR,102.744,PERC,,FMTS,FMTS,MTS,1,D2D,MTF,DBFTFB,400706
2022-03-15 09:39:42.454276,FR0011486067,Corporate bond,DIRECTION GENERALE DU TRESOR,1.75,2023-05-25,10000000,EUR,102.744,PERC,,FMTS,FMTS,MTS,1,D2D,MTF,DBFTFB,400705
2022-03-15 08:31:13.692543,FR0011486067,Corporate bond,DIRECTION GENERALE DU TRESOR,1.75,2023-05-25,10000000,EUR,102.765,PERC,,FMTS,FMTS,MTS,1,D2D,MTF,DBFTFB,400282
2022-03-14 14:01:11.144704,FR0011486067,Corporate bond,DIRECTION GENERALE DU TRESOR,1.75,2023-05-25,10000000,EUR,102.77,PERC,,FMTS,FMTS,MTS,1,D2D,MTF,DBFTFB,401735
2022-03-11 14:07:50.724344,FR0011486067,Corporate bond,DIRECTION GENERALE DU TRESOR,1.75,2023-05-25,10000000,EUR,102.785,PERC,,FMTS,FMTS,MTS,1,D2D,MTF,DBFTFB,402057
2022-03-10 11:16:10.074733,FR0011486067,Corporate bond,DIRECTION GENERALE DU TRESOR,1.75,2023-05-25,10000000,EUR,102.84,PERC,,FMTS,FMTS,MTS,1,D2D,MTF,DBFTFB,401555
2022-03-10 11:13:14.114350,FR0011486067,Corporate bond,DIRECTION GENERALE DU TRESOR,1.75,2023-05-25,10000000,EUR,102.845,PERC,,FMTS,FMTS,MTS,1,D2D,MTF,DBFTFB,401540
2022-03-10 11:13:08.544313,FR0011486067,Corporate bond,DIRECTION GENERALE DU TRESOR,1.75,2023-05-25,10000000,EUR,102.845,PERC,,FMTS,FMTS,MTS,1,D2D,MTF,DBFTFB,401539
2022-03-10 11:12:44.286748,FR0011486067,Corporate bond,DIRECTION GENERALE DU TRESOR,1.75,2023-05-25,5000000,EUR,102.833,PERC,,FMTS,FMTS,MTS,1,D2D,MTF,DBFTFB,401535
2022-03-10 11:12:44.278421,FR0011486067,Corporate bond,DIRECTION GENERALE DU TRESOR,1.75,2023-05-25,10000000,EUR,102.839,PERC,,FMTS,FMTS,MTS,1,D2D,MTF,DBFTFB,401534
2022-03-10 11:12:44.256007,FR0011486067,Corporate bond,DIRECTION GENERALE DU TRESOR,1.75,2023-05-25,10000000,EUR,102.84,PERC,,FMTS,FMTS,MTS,1,D2D,MTF,DBFTFB,401533
2022-03-10 11:12:44.236850,FR0011486067,Corporate bond,DIRECTION GENERALE DU TRESOR,1.75,2023-05-25,10000000,EUR,102.84,PERC,,FMTS,FMTS,MTS,1,D2D,MTF,DBFTFB,401532
2022-03-10 10:39:57.127631,FR0011486067,Corporate bond,DIRECTION GENERALE DU TRESOR,1.75,2023-05-25,10000000,EUR,102.86,PERC,,FMTS,FMTS,MTS,1,D2D,MTF,DBFTFB,401432
2022-03-10 08:10:21.772445,FR0011486067,Corporate bond,DIRECTION GENERALE DU TRESOR,1.75,2023-05-25,10000000,EUR,102.897,PERC,,FMTS,FMTS,MTS,1,D2D,MTF,DBFTFB,400121
2022-03-09 14:32:56.241569,FR0011486067,Corporate bond,DIRECTION GENERALE DU TRESOR,1.75,2023-05-25,10000000,EUR,102.914,PERC,,FMTS,FMTS,MTS,1,D2D,MTF,DBFTFB,402350
2022-03-09 14:32:56.232174,FR0011486067,Corporate bond,DIRECTION GENERALE DU TRESOR,1.75,2023-05-25,10000000,EUR,102.917,PERC,,FMTS,FMTS,MTS,1,D2D,MTF,DBFTFB,402349
2022-03-08 10:41:15.315478,FR0011486067,Corporate bond,DIRECTION GENERALE DU TRESOR,1.75,2023-05-25,10000000,EUR,102.946,PERC,,FMTS,FMTS,MTS,1,D2D,MTF,DBFTFB,400728
2022-03-04 11:01:21.092269,FR0011486067,Corporate bond,DIRECTION GENERALE DU TRESOR,1.75,2023-05-25,5000000,EUR,102.96,PERC,,FMTS,FMTS,MTS,1,D2D,MTF,DBFTFB,401008
2022-03-04 11:01:20.893681,FR0011486067,Corporate bond,DIRECTION GENERALE DU TRESOR,1.75,2023-05-25,5000000,EUR,102.96,PERC,,FMTS,FMTS,MTS,1,D2D,MTF,DBFTFB,401007
2022-03-04 11:01:20.691395,FR0011486067,Corporate bond,DIRECTION GENERALE DU TRESOR,1.75,2023-05-25,5000000,EUR,102.96,PERC,,FMTS,FMTS,MTS,1,D2D,MTF,DBFTFB,401006
2022-03-04 11:01:20.492512,FR0011486067,Corporate bond,DIRECTION GENERALE DU TRESOR,1.75,2023-05-25,5000000,EUR,102.96,PERC,,FMTS,FMTS,MTS,1,D2D,MTF,DBFTFB,401005
2022-03-04 11:01:20.341452,FR0011486067,Corporate bond,DIRECTION GENERALE DU TRESOR,1.75,2023-05-25,5000000,EUR,102.96,PERC,,FMTS,FMTS,MTS,1,D2D,MTF,DBFTFB,401004
2022-03-04 11:01:20.190957,FR0011486067,Corporate bond,DIRECTION GENERALE DU TRESOR,1.75,2023-05-25,5000000,EUR,102.96,PERC,,FMTS,FMTS,MTS,1,D2D,MTF,DBFTFB,401003
2022-03-04 11:01:20.062277,FR0011486067,Corporate bond,DIRECTION GENERALE DU TRESOR,1.75,2023-05-25,5000000,EUR,102.96,PERC,,FMTS,FMTS,MTS,1,D2D,MTF,DBFTFB,401002
2022-03-04 11:01:20.030415,FR0011486067,Corporate bond,DIRECTION GENERALE DU TRESOR,1.75,2023-05-25,5000000,EUR,102.96,PERC,,FMTS,FMTS,MTS,1,D2D,MTF,DBFTFB,401001
2022-03-04 11:01:20.001975,FR0011486067,Corporate bond,DIRECTION GENERALE DU TRESOR,1.75,2023-05-25,5000000,EUR,102.96,PERC,,FMTS,FMTS,MTS,1,D2D,MTF,DBFTFB,401000
2022-03-04 11:01:19.954798,FR0011486067,Corporate bond,DIRECTION GENERALE DU TRESOR,1.75,2023-05-25,5000000,EUR,102.96,PERC,,FMTS,FMTS,MTS,1,D2D,MTF,DBFTFB,400999
2022-03-04 10:18:10.260010,FR0011486067,Corporate bond,DIRECTION GENERALE DU TRESOR,1.75,2023-05-25,10000000,EUR,102.96,PERC,,FMTS,FMTS,MTS,1,D2D,MTF,DBFTFB,400799
2022-03-04 10:14:50.052390,FR0011486067,Corporate bond,DIRECTION GENERALE DU TRESOR,1.75,2023-05-25,10000000,EUR,102.96,PERC,,FMTS,FMTS,MTS,1,D2D,MTF,DBFTFB,400793
2022-03-04 10:14:50.024366,FR0011486067,Corporate bond,DIRECTION GENERALE DU TRESOR,1.75,2023-05-25,10000000,EUR,102.96,PERC,,FMTS,FMTS,MTS,1,D2D,MTF,DBFTFB,400792
2022-03-04 10:14:49.872474,FR0011486067,Corporate bond,DIRECTION GENERALE DU TRESOR,1.75,2023-05-25,10000000,EUR,102.96,PERC,,FMTS,FMTS,MTS,1,D2D,MTF,DBFTFB,400791
2022-03-04 10:14:49.723480,FR0011486067,Corporate bond,DIRECTION GENERALE DU TRESOR,1.75,2023-05-25,10000000,EUR,102.96,PERC,,FMTS,FMTS,MTS,1,D2D,MTF,DBFTFB,400790
2022-03-04 10:14:49.649433,FR0011486067,Corporate bond,DIRECTION GENERALE DU TRESOR,1.75,2023-05-25,10000000,EUR,102.96,PERC,,FMTS,FMTS,MTS,1,D2D,MTF,DBFTFB,400789
2022-03-04 10:14:49.601791,FR0011486067,Corporate bond,DIRECTION GENERALE DU TRESOR,1.75,2023-05-25,10000000,EUR,102.96,PERC,,FMTS,FMTS,MTS,1,D2D,MTF,DBFTFB,400788
2022-03-04 09:59:47.838721,FR0011486067,Corporate bond,DIRECTION GENERALE DU TRESOR,1.75,2023-05-25,10000000,EUR,102.96,PERC,,FMTS,FMTS,MTS,1,D2D,MTF,DBFTFB,400663
2022-03-02 15:56:35.699725,FR0011486067,Corporate bond,DIRECTION GENERALE DU TRESOR,1.75,2023-05-25,10000000,EUR,102.953,PERC,,FMTS,FMTS,MTS,1,D2D,MTF,DBFTFB,402735
2022-03-02 15:53:02.714703,FR0011486067,Corporate bond,DIRECTION GENERALE DU TRESOR,1.75,2023-05-25,10000000,EUR,102.96,PERC,,FMTS,FMTS,MTS,1,D2D,MTF,DBFTFB,402697
2022-03-02 12:29:45.977643,FR0011486067,Corporate bond,DIRECTION GENERALE DU TRESOR,1.75,2023-05-25,9500000,EUR,102.976,PERC,,FMTS,FMTS,MTS,1,D2D,MTF,DBFTFB,401411
2022-03-02 12:23:40.059328,FR0011486067,Corporate bond,DIRECTION GENERALE DU TRESOR,1.75,2023-05-25,10000000,EUR,102.978,PERC,,FMTS,FMTS,MTS,1,D2D,MTF,DBFTFB,401362
2022-03-01 09:38:32.729977,FR0011486067,Corporate bond,DIRECTION GENERALE DU TRESOR,1.75,2023-05-25,10000000,EUR,102.978,PERC,,FMTS,FMTS,MTS,1,D2D,MTF,DBFTFB,400751
2022-02-24 08:22:57.140091,FR0011486067,Corporate bond,DIRECTION GENERALE DU TRESOR,1.75,2023-05-25,10000000,EUR,102.865,PERC,,FMTS,FMTS,MTS,1,D2D,MTF,DBFTFB,400121
2022-02-18 11:11:45.799684,FR0011486067,Corporate bond,DIRECTION GENERALE DU TRESOR,1.75,2023-05-25,5000000,EUR,102.935,PERC,,FMTS,FMTS,MTS,1,D2D,MTF,DBFTFB,401532
2022-02-10 13:34:13.866415,FR0011486067,Corporate bond,DIRECTION GENERALE DU TRESOR,1.75,2023-05-25,10000000,EUR,102.865,PERC,,FMTS,FMTS,MTS,1,D2D,MTF,DBFTFB,402572
2022-02-10 13:33:24.682666,FR0011486067,Corporate bond,DIRECTION GENERALE DU TRESOR,1.75,2023-05-25,10000000,EUR,102.868,PERC,,FMTS,FMTS,MTS,1,D2D,MTF,DBFTFB,402568
2022-02-10 10:43:44.638721,FR0011486067,Corporate bond,DIRECTION GENERALE DU TRESOR,1.75,2023-05-25,5000000,EUR,102.878,PERC,,FMTS,FMTS,MTS,1,D2D,MTF,DBFTFB,401357
2022-02-09 14:51:16.665541,FR0011486067,Corporate bond,DIRECTION GENERALE DU TRESOR,1.75,2023-05-25,10000000,EUR,102.9,PERC,,FMTS,FMTS,MTS,1,D2D,MTF,DBFTFB,403493
2022-02-07 16:20:43.634801,FR0011486067,Corporate bond,DIRECTION GENERALE DU TRESOR,1.75,2023-05-25,5000000,EUR,102.86,PERC,,FMTS,FMTS,MTS,1,D2D,MTF,DBFTFB,403966
2022-02-07 13:09:27.056399,FR0011486067,Corporate bond,DIRECTION GENERALE DU TRESOR,1.75,2023-05-25,10000000,EUR,102.85,PERC,,FMTS,FMTS,MTS,1,D2D,MTF,DBFTFB,402420
2022-02-07 12:42:10.012361,FR0011486067,Corporate bond,DIRECTION GENERALE DU TRESOR,1.75,2023-05-25,10000000,EUR,102.84,PERC,,FMTS,FMTS,MTS,1,D2D,MTF,DBFTFB,402232
2022-02-04 15:30:43.140179,FR0011486067,Corporate bond,DIRECTION GENERALE DU TRESOR,1.75,2023-05-25,5000000,EUR,102.818,PERC,,FMTS,FMTS,MTS,1,D2D,MTF,DBFTFB,402503
2022-02-04 15:30:43.089140,FR0011486067,Corporate bond,DIRECTION GENERALE DU TRESOR,1.75,2023-05-25,10000000,EUR,102.848,PERC,,FMTS,FMTS,MTS,1,D2D,MTF,DBFTFB,402502
2022-02-04 13:08:56.956625,FR0011486067,Corporate bond,DIRECTION GENERALE DU TRESOR,1.75,2023-05-25,10000000,EUR,102.89,PERC,,FMTS,FMTS,MTS,1,D2D,MTF,DBFTFB,401794
2022-02-03 12:36:15.916112,FR0011486067,Corporate bond,DIRECTION GENERALE DU TRESOR,1.75,2023-05-25,10000000,EUR,103.06,PERC,,FMTS,FMTS,MTS,1,D2D,MTF,DBFTFB,401940
2022-01-31 09:49:04.561655,FR0011486067,Corporate bond,DIRECTION GENERALE DU TRESOR,1.75,2023-05-25,10000000,EUR,103.135,PERC,,FMTS,FMTS,MTS,1,D2D,MTF,DBFTFB,400890
2022-01-31 09:48:31.212196,FR0011486067,Corporate bond,DIRECTION GENERALE DU TRESOR,1.75,2023-05-25,10000000,EUR,103.135,PERC,,FMTS,FMTS,MTS,1,D2D,MTF,DBFTFB,400852
2022-01-31 09:45:12.933992,FR0011486067,Corporate bond,DIRECTION GENERALE DU TRESOR,1.75,2023-05-25,10000000,EUR,103.14,PERC,,FMTS,FMTS,MTS,1,D2D,MTF,DBFTFB,400807
2022-01-28 13:05:40.524944,FR0011486067,Corporate bond,DIRECTION GENERALE DU TRESOR,1.75,2023-05-25,25000000,EUR,103.159,PERC,,FMTS,FMTS,MTS,1,D2D,MTF,DBFTFB,402615
2022-01-27 08:24:03.728025,FR0011486067,Corporate bond,DIRECTION GENERALE DU TRESOR,1.75,2023-05-25,10000000,EUR,103.149,PERC,,FMTS,FMTS,MTS,1,D2D,MTF,DBFTFB,400230
