Historical Rts2 Post Trade Microsecond,Historical Rts2 Instrument Identification Code,Bond Type Bond Type Desc,Instruments New Issuer Name,Instruments New Bond Fixed Rate,Instruments New Bond Maturity Date,Historical Rts2 Notional Amount,Historical Rts2 Notional Currency,Historical Rts2 Price,Historical Rts2 Price Notation,Historical Rts2 Flag List,Historical Rts2 Venue of Execution,Historical Rts2 Venue of Publication,Mifid Entities Commercial Name,Historical Rts2 Transaction Count,Mifid Entities Platform Type,Mifid Entities Trading Venue Types,Instruments New Cfi,Historical Rts2 Transaction Identification Code
2022-08-08 15:15:08.613000,FR0011486067,Corporate bond,DIRECTION GENERALE DU TRESOR,1.75,2023-05-25,866000,EUR,101.108,PERC,,TWEM,TWEM,TRADEWEB,1,D2C,MTF,DBFTFB,'3605531723942596908
2022-08-08 12:59:14.902000,FR0011486067,Corporate bond,DIRECTION GENERALE DU TRESOR,1.75,2023-05-25,12873,EUR,101.09,PERC,,TWEM,TWEM,TRADEWEB,1,D2C,MTF,DBFTFB,'3605531723942595577
2022-08-08 12:21:46.127000,FR0011486067,Corporate bond,DIRECTION GENERALE DU TRESOR,1.75,2023-05-25,14500,EUR,101.099,PERC,,TWEM,TWEM,TRADEWEB,1,D2C,MTF,DBFTFB,'3605531723942595255
2022-08-08 10:32:44.707000,FR0011486067,Corporate bond,DIRECTION GENERALE DU TRESOR,1.75,2023-05-25,1000,EUR,101.114,PERC,,TWEM,TWEM,TRADEWEB,1,D2C,MTF,DBFTFB,'3605531723942594502
2022-08-05 15:15:08.490000,FR0011486067,Corporate bond,DIRECTION GENERALE DU TRESOR,1.75,2023-05-25,1200000,EUR,101.118,PERC,,TWEM,TWEM,TRADEWEB,1,D2C,MTF,DBFTFB,'3605528425407714198
2022-08-05 13:35:32.769000,FR0011486067,Corporate bond,DIRECTION GENERALE DU TRESOR,1.75,2023-05-25,1631908,EUR,101.125,PERC,,TWEM,TWEM,TRADEWEB,1,D2C,MTF,DBFTFB,'3605528425407712706
2022-08-04 13:19:41.046000,FR0011486067,Corporate bond,DIRECTION GENERALE DU TRESOR,1.75,2023-05-25,39524,EUR,101.158,PERC,,TWEM,TWEM,TRADEWEB,1,D2C,MTF,DBFTFB,'3605527325896085505
2022-08-04 13:15:29.085000,FR0011486067,Corporate bond,DIRECTION GENERALE DU TRESOR,1.75,2023-05-25,34098,EUR,101.159,PERC,,TWEM,TWEM,TRADEWEB,1,D2C,MTF,DBFTFB,'3605527325896085417
2022-08-04 10:03:59.992000,FR0011486067,Corporate bond,DIRECTION GENERALE DU TRESOR,1.75,2023-05-25,500000,EUR,101.148,PERC,,TWEM,TWEM,TRADEWEB,1,D2C,MTF,DBFTFB,'3605527325896083651
2022-08-03 13:33:06.209000,FR0011486067,Corporate bond,DIRECTION GENERALE DU TRESOR,1.75,2023-05-25,50000,EUR,101.165,PERC,,TWEM,TWEM,TRADEWEB,1,D2C,MTF,DBFTFB,'3605526226384458184
2022-08-03 12:55:58.530000,FR0011486067,Corporate bond,DIRECTION GENERALE DU TRESOR,1.75,2023-05-25,50000,EUR,101.16,PERC,,TWEM,TWEM,TRADEWEB,1,D2C,MTF,DBFTFB,'3605526226384457743
2022-08-03 09:28:17.305000,FR0011486067,Corporate bond,DIRECTION GENERALE DU TRESOR,1.75,2023-05-25,800000,EUR,101.198,PERC,,TWEM,TWEM,TRADEWEB,1,D2C,MTF,DBFTFB,'3605526226384455727
2022-08-02 15:15:09.918000,FR0011486067,Corporate bond,DIRECTION GENERALE DU TRESOR,1.75,2023-05-25,347000,EUR,101.202,PERC,,TWEM,TWEM,TRADEWEB,1,D2C,MTF,DBFTFB,'3605525126872832057
2022-08-02 14:41:57.661000,FR0011486067,Corporate bond,DIRECTION GENERALE DU TRESOR,1.75,2023-05-25,1000000,EUR,101.218,PERC,,TWEM,TWEM,TRADEWEB,1,D2C,MTF,DBFTFB,'3605525126872831427
2022-08-02 11:09:05.325000,FR0011486067,Corporate bond,DIRECTION GENERALE DU TRESOR,1.75,2023-05-25,3539,EUR,101.239,PERC,,TWEM,TWEM,TRADEWEB,1,D2C,MTF,DBFTFB,'3605525126872829246
2022-08-02 08:44:24.527000,FR0011486067,Corporate bond,DIRECTION GENERALE DU TRESOR,1.75,2023-05-25,1000000,EUR,101.251,PERC,,TWEM,TWEM,TRADEWEB,1,D2C,MTF,DBFTFB,'3605525126872827339
2022-08-02 05:03:32.000000,FR0011486067,Corporate bond,DIRECTION GENERALE DU TRESOR,1.75,2023-05-25,80478000,EUR,101.240106,PERC,IDAF,TWEM,TWEM,TRADEWEB,4,D2C,MTF,DBFTFB,'7208404828769223239
2022-08-01 12:59:25.961000,FR0011486067,Corporate bond,DIRECTION GENERALE DU TRESOR,1.75,2023-05-25,100000,EUR,101.224,PERC,,TWEM,TWEM,TRADEWEB,1,D2C,MTF,DBFTFB,'3605524027361201530
2022-08-01 09:21:39.138000,FR0011486067,Corporate bond,DIRECTION GENERALE DU TRESOR,1.75,2023-05-25,710000,EUR,101.216,PERC,,TWEM,TWEM,TRADEWEB,1,D2C,MTF,DBFTFB,'3605524027361199493
2022-07-29 15:16:04.881000,FR0011486067,Corporate bond,DIRECTION GENERALE DU TRESOR,1.75,2023-05-25,340000,EUR,101.241,PERC,,TWEM,TWEM,TRADEWEB,1,D2C,MTF,DBFTFB,'3605520728826322711
2022-07-29 15:07:48.032000,FR0011486067,Corporate bond,DIRECTION GENERALE DU TRESOR,1.75,2023-05-25,39700,EUR,101.25,PERC,,TWEM,TWEM,TRADEWEB,1,D2C,MTF,DBFTFB,'3605520728826320625
2022-07-29 14:59:30.225000,FR0011486067,Corporate bond,DIRECTION GENERALE DU TRESOR,1.75,2023-05-25,1005000,EUR,101.239,PERC,,TWEM,TWEM,TRADEWEB,1,D2C,MTF,DBFTFB,'3605520728826320480
2022-07-29 14:17:22.964000,FR0011486067,Corporate bond,DIRECTION GENERALE DU TRESOR,1.75,2023-05-25,730000,EUR,101.233,PERC,,TWEM,TWEM,TRADEWEB,1,D2C,MTF,DBFTFB,'3605520728826319976
2022-07-29 13:15:18.722000,FR0011486067,Corporate bond,DIRECTION GENERALE DU TRESOR,1.75,2023-05-25,555000,EUR,101.223,PERC,,TWEM,TWEM,TRADEWEB,1,D2C,MTF,DBFTFB,'3605520728826319135
2022-07-29 13:00:41.534000,FR0011486067,Corporate bond,DIRECTION GENERALE DU TRESOR,1.75,2023-05-25,1800000,EUR,101.223,PERC,,TWEM,TWEM,TRADEWEB,1,D2C,MTF,DBFTFB,'3605520728826318923
2022-07-29 10:41:42.634000,FR0011486067,Corporate bond,DIRECTION GENERALE DU TRESOR,1.75,2023-05-25,1000000,EUR,101.221,PERC,,TWEM,TWEM,TRADEWEB,1,D2C,MTF,DBFTFB,'3605520728826317196
2022-07-29 08:22:03.330000,FR0011486067,Corporate bond,DIRECTION GENERALE DU TRESOR,1.75,2023-05-25,1420000,EUR,101.233,PERC,,TWEM,TWEM,TRADEWEB,1,D2C,MTF,DBFTFB,'3605520728826315612
2022-07-28 15:21:04.226000,FR0011486067,Corporate bond,DIRECTION GENERALE DU TRESOR,1.75,2023-05-25,1840000,EUR,101.267,PERC,,TWEM,TWEM,TRADEWEB,1,D2C,MTF,DBFTFB,'3605519629314691990
2022-07-28 06:40:32.818000,FR0011486067,Corporate bond,DIRECTION GENERALE DU TRESOR,1.75,2023-05-25,1000000,EUR,101.209,PERC,,TWEM,TWEM,TRADEWEB,1,D2C,MTF,DBFTFB,'3605519629314686979
2022-07-28 06:40:32.718000,FR0011486067,Corporate bond,DIRECTION GENERALE DU TRESOR,1.75,2023-05-25,1000000,EUR,101.209,PERC,,TWEM,TWEM,TRADEWEB,1,D2C,MTF,DBFTFB,'3605519629314686978
2022-07-28 06:40:32.674000,FR0011486067,Corporate bond,DIRECTION GENERALE DU TRESOR,1.75,2023-05-25,1000000,EUR,101.209,PERC,,TWEM,TWEM,TRADEWEB,1,D2C,MTF,DBFTFB,'3605519629314686980
2022-07-27 10:52:35.300000,FR0011486067,Corporate bond,DIRECTION GENERALE DU TRESOR,1.75,2023-05-25,4367,EUR,101.265,PERC,,TWEM,TWEM,TRADEWEB,1,D2C,MTF,DBFTFB,'3605518529803061880
2022-07-27 10:12:57.521000,FR0011486067,Corporate bond,DIRECTION GENERALE DU TRESOR,1.75,2023-05-25,2000,EUR,101.262,PERC,,TWEM,TWEM,TRADEWEB,1,D2C,MTF,DBFTFB,'3605518529803061498
2022-07-26 11:09:35.235000,FR0011486067,Corporate bond,DIRECTION GENERALE DU TRESOR,1.75,2023-05-25,500000,EUR,101.28,PERC,,TWEM,TWEM,TRADEWEB,1,D2C,MTF,DBFTFB,'3605517430291433872
2022-07-26 05:03:14.000000,FR0011486067,Corporate bond,DIRECTION GENERALE DU TRESOR,1.75,2023-05-25,20000000,EUR,101.24125,PERC,IDAF,TWEM,TWEM,TRADEWEB,2,D2C,MTF,DBFTFB,'7208397132187828714
2022-07-25 15:14:13.174000,FR0011486067,Corporate bond,DIRECTION GENERALE DU TRESOR,1.75,2023-05-25,100000,EUR,101.246,PERC,,TWEM,TWEM,TRADEWEB,1,D2C,MTF,DBFTFB,'3605516330779808015
2022-07-25 09:15:43.978000,FR0011486067,Corporate bond,DIRECTION GENERALE DU TRESOR,1.75,2023-05-25,500000,EUR,101.229,PERC,,TWEM,TWEM,TRADEWEB,1,D2C,MTF,DBFTFB,'3605516330779804960
2022-07-25 07:07:53.881000,FR0011486067,Corporate bond,DIRECTION GENERALE DU TRESOR,1.75,2023-05-25,100000,EUR,101.172,PERC,,TWEM,TWEM,TRADEWEB,1,D2C,MTF,DBFTFB,'3605516330779803707
2022-07-25 06:56:06.213000,FR0011486067,Corporate bond,DIRECTION GENERALE DU TRESOR,1.75,2023-05-25,500000,EUR,101.186,PERC,,TWEM,TWEM,TRADEWEB,1,D2C,MTF,DBFTFB,'3605516330779803657
2022-07-22 07:27:06.439000,FR0011486067,Corporate bond,DIRECTION GENERALE DU TRESOR,1.75,2023-05-25,180000,EUR,101.174,PERC,,TWEM,TWEM,TRADEWEB,1,D2C,MTF,DBFTFB,'3605513032244920602
2022-07-21 15:17:55.917000,FR0011486067,Corporate bond,DIRECTION GENERALE DU TRESOR,1.75,2023-05-25,2800000,EUR,101.166,PERC,,TWEM,TWEM,TRADEWEB,1,D2C,MTF,DBFTFB,'3605511932733298922
2022-07-21 10:25:42.779000,FR0011486067,Corporate bond,DIRECTION GENERALE DU TRESOR,1.75,2023-05-25,1000,EUR,101.203,PERC,,TWEM,TWEM,TRADEWEB,1,D2C,MTF,DBFTFB,'3605511932733295000
2022-07-20 10:59:59.049000,FR0011486067,Corporate bond,DIRECTION GENERALE DU TRESOR,1.75,2023-05-25,1000,EUR,101.23,PERC,,TWEM,TWEM,TRADEWEB,1,D2C,MTF,DBFTFB,'3605510833221667445
2022-07-19 09:32:55.857000,FR0011486067,Corporate bond,DIRECTION GENERALE DU TRESOR,1.75,2023-05-25,300000,EUR,101.206,PERC,,TWEM,TWEM,TRADEWEB,1,D2C,MTF,DBFTFB,'3605509733710038525
2022-07-19 05:03:40.000000,FR0011486067,Corporate bond,DIRECTION GENERALE DU TRESOR,1.75,2023-05-25,81330000,EUR,101.24781,PERC,IDAF,TWEM,TWEM,TRADEWEB,4,D2C,MTF,DBFTFB,'7208389435606434252
2022-07-18 10:47:34.699000,FR0011486067,Corporate bond,DIRECTION GENERALE DU TRESOR,1.75,2023-05-25,1000,EUR,101.255,PERC,,TWEM,TWEM,TRADEWEB,1,D2C,MTF,DBFTFB,'3605508634198411369
2022-07-14 15:25:53.589000,FR0011486067,Corporate bond,DIRECTION GENERALE DU TRESOR,1.75,2023-05-25,123000,EUR,101.199,PERC,,TWEM,TWEM,TRADEWEB,1,D2C,MTF,DBFTFB,'3605504236151903986
2022-07-14 15:15:01.848000,FR0011486067,Corporate bond,DIRECTION GENERALE DU TRESOR,1.75,2023-05-25,200000,EUR,101.2,PERC,,TWEM,TWEM,TRADEWEB,1,D2C,MTF,DBFTFB,'3605504236151903693
2022-07-13 15:16:31.319000,FR0011486067,Corporate bond,DIRECTION GENERALE DU TRESOR,1.75,2023-05-25,55000,EUR,101.239,PERC,,TWEM,TWEM,TRADEWEB,1,D2C,MTF,DBFTFB,'3605503136640275804
2022-07-13 09:52:44.762000,FR0011486067,Corporate bond,DIRECTION GENERALE DU TRESOR,1.75,2023-05-25,200000,EUR,101.268,PERC,,TWEM,TWEM,TRADEWEB,1,D2C,MTF,DBFTFB,'3605503136640272167
2022-07-13 08:04:26.359000,FR0011486067,Corporate bond,DIRECTION GENERALE DU TRESOR,1.75,2023-05-25,15000,EUR,101.279,PERC,,TWEM,TWEM,TRADEWEB,1,D2C,MTF,DBFTFB,'3605503136640270863
2022-07-12 15:29:32.490000,FR0011486067,Corporate bond,DIRECTION GENERALE DU TRESOR,1.75,2023-05-25,1400000,EUR,101.275,PERC,,TWEM,TWEM,TRADEWEB,1,D2C,MTF,DBFTFB,'3605502037128647960
2022-07-12 15:16:25.414000,FR0011486067,Corporate bond,DIRECTION GENERALE DU TRESOR,1.75,2023-05-25,63000,EUR,101.281,PERC,,TWEM,TWEM,TRADEWEB,1,D2C,MTF,DBFTFB,'3605502037128647777
2022-07-12 09:37:39.094000,FR0011486067,Corporate bond,DIRECTION GENERALE DU TRESOR,1.75,2023-05-25,10518,EUR,101.282,PERC,,TWEM,TWEM,TRADEWEB,1,D2C,MTF,DBFTFB,'3605502037128644231
2022-07-12 05:03:20.000000,FR0011486067,Corporate bond,DIRECTION GENERALE DU TRESOR,1.75,2023-05-25,22600000,EUR,101.25227,PERC,IDAF,TWEM,TWEM,TRADEWEB,4,D2C,MTF,DBFTFB,'7208381739025039943
2022-07-11 15:28:45.160000,FR0011486067,Corporate bond,DIRECTION GENERALE DU TRESOR,1.75,2023-05-25,184000,EUR,101.233,PERC,,TWEM,TWEM,TRADEWEB,1,D2C,MTF,DBFTFB,'3605500937617020118
2022-07-11 15:15:05.893000,FR0011486067,Corporate bond,DIRECTION GENERALE DU TRESOR,1.75,2023-05-25,284000,EUR,101.243,PERC,,TWEM,TWEM,TRADEWEB,1,D2C,MTF,DBFTFB,'3605500937617019865
2022-07-11 15:14:06.744000,FR0011486067,Corporate bond,DIRECTION GENERALE DU TRESOR,1.75,2023-05-25,100000,EUR,101.245,PERC,,TWEM,TWEM,TRADEWEB,1,D2C,MTF,DBFTFB,'3605500937617019793
2022-07-08 13:20:02.737000,FR0011486067,Corporate bond,DIRECTION GENERALE DU TRESOR,1.75,2023-05-25,3000,EUR,101.221,PERC,,TWEM,TWEM,TRADEWEB,1,D2C,MTF,DBFTFB,'3605497639082135072
2022-07-08 11:21:11.226000,FR0011486067,Corporate bond,DIRECTION GENERALE DU TRESOR,1.75,2023-05-25,1000,EUR,101.219,PERC,,TWEM,TWEM,TRADEWEB,1,D2C,MTF,DBFTFB,'3605497639082133789
2022-07-08 11:07:45.827000,FR0011486067,Corporate bond,DIRECTION GENERALE DU TRESOR,1.75,2023-05-25,74000,EUR,101.218,PERC,,TWEM,TWEM,TRADEWEB,1,D2C,MTF,DBFTFB,'3605497639082133698
2022-07-08 10:50:18.074000,FR0011486067,Corporate bond,DIRECTION GENERALE DU TRESOR,1.75,2023-05-25,3538,EUR,101.232,PERC,,TWEM,TWEM,TRADEWEB,1,D2C,MTF,DBFTFB,'3605497639082133617
2022-07-08 08:30:09.709000,FR0011486067,Corporate bond,DIRECTION GENERALE DU TRESOR,1.75,2023-05-25,2750000,EUR,101.226,PERC,,TWEM,TWEM,TRADEWEB,1,D2C,MTF,DBFTFB,'3605497639082132381
2022-07-07 15:33:42.824000,FR0011486067,Corporate bond,DIRECTION GENERALE DU TRESOR,1.75,2023-05-25,600000,EUR,101.213,PERC,,TWEM,TWEM,TRADEWEB,1,D2C,MTF,DBFTFB,'3605496539570510481
2022-07-07 15:04:54.083000,FR0011486067,Corporate bond,DIRECTION GENERALE DU TRESOR,1.75,2023-05-25,800000,EUR,101.215,PERC,,TWEM,TWEM,TRADEWEB,1,D2C,MTF,DBFTFB,'3605496539570509477
2022-07-07 13:51:09.191000,FR0011486067,Corporate bond,DIRECTION GENERALE DU TRESOR,1.75,2023-05-25,1500000,EUR,101.219,PERC,,TWEM,TWEM,TRADEWEB,1,D2C,MTF,DBFTFB,'3605496539570508482
2022-07-07 10:54:22.997000,FR0011486067,Corporate bond,DIRECTION GENERALE DU TRESOR,1.75,2023-05-25,3000,EUR,101.22,PERC,,TWEM,TWEM,TRADEWEB,1,D2C,MTF,DBFTFB,'3605496539570506668
2022-07-06 15:15:07.335000,FR0011486067,Corporate bond,DIRECTION GENERALE DU TRESOR,1.75,2023-05-25,508000,EUR,101.31,PERC,,TWEM,TWEM,TRADEWEB,1,D2C,MTF,DBFTFB,'3605495440058882071
2022-07-06 11:49:11.189000,FR0011486067,Corporate bond,DIRECTION GENERALE DU TRESOR,1.75,2023-05-25,519000,EUR,101.308,PERC,,TWEM,TWEM,TRADEWEB,1,D2C,MTF,DBFTFB,'3605495440058879090
2022-07-06 09:52:17.180000,FR0011486067,Corporate bond,DIRECTION GENERALE DU TRESOR,1.75,2023-05-25,260000,EUR,101.306,PERC,,TWEM,TWEM,TRADEWEB,1,D2C,MTF,DBFTFB,'3605495440058878119
2022-07-06 09:20:25.627000,FR0011486067,Corporate bond,DIRECTION GENERALE DU TRESOR,1.75,2023-05-25,340000,EUR,101.309,PERC,,TWEM,TWEM,TRADEWEB,1,D2C,MTF,DBFTFB,'3605495440058877763
2022-07-05 15:18:15.455000,FR0011486067,Corporate bond,DIRECTION GENERALE DU TRESOR,1.75,2023-05-25,825000,EUR,101.309,PERC,,TWEM,TWEM,TRADEWEB,1,D2C,MTF,DBFTFB,'3605494340547254164
2022-07-05 13:05:03.863000,FR0011486067,Corporate bond,DIRECTION GENERALE DU TRESOR,1.75,2023-05-25,14000,EUR,101.3,PERC,,TWEM,TWEM,TRADEWEB,1,D2C,MTF,DBFTFB,'3605494340547252204
2022-07-05 11:40:38.235000,FR0011486067,Corporate bond,DIRECTION GENERALE DU TRESOR,1.75,2023-05-25,4000,EUR,101.277,PERC,,TWEM,TWEM,TRADEWEB,1,D2C,MTF,DBFTFB,'3605494340547250958
2022-07-05 10:56:28.107000,FR0011486067,Corporate bond,DIRECTION GENERALE DU TRESOR,1.75,2023-05-25,114000,EUR,101.266,PERC,,TWEM,TWEM,TRADEWEB,1,D2C,MTF,DBFTFB,'3605494340547250581
2022-07-05 09:27:13.018000,FR0011486067,Corporate bond,DIRECTION GENERALE DU TRESOR,1.75,2023-05-25,1000000,EUR,101.296,PERC,,TWEM,TWEM,TRADEWEB,1,D2C,MTF,DBFTFB,'3605494340547249579
2022-07-05 08:40:20.295000,FR0011486067,Corporate bond,DIRECTION GENERALE DU TRESOR,1.75,2023-05-25,2130000,EUR,101.281,PERC,,TWEM,TWEM,TRADEWEB,1,D2C,MTF,DBFTFB,'3605494340547249191
2022-07-05 08:16:28.045000,FR0011486067,Corporate bond,DIRECTION GENERALE DU TRESOR,1.75,2023-05-25,80000,EUR,101.276,PERC,,TWEM,TWEM,TRADEWEB,1,D2C,MTF,DBFTFB,'3605494340547248928
2022-07-05 05:03:48.000000,FR0011486067,Corporate bond,DIRECTION GENERALE DU TRESOR,1.75,2023-05-25,34480000,EUR,101.255592,PERC,IDAF,TWEM,TWEM,TRADEWEB,6,D2C,MTF,DBFTFB,'7208374042443645504
2022-07-04 15:20:08.534000,FR0011486067,Corporate bond,DIRECTION GENERALE DU TRESOR,1.75,2023-05-25,220000,EUR,101.254,PERC,,TWEM,TWEM,TRADEWEB,1,D2C,MTF,DBFTFB,'3605493241035625824
2022-07-04 15:14:36.769000,FR0011486067,Corporate bond,DIRECTION GENERALE DU TRESOR,1.75,2023-05-25,300000,EUR,101.259,PERC,,TWEM,TWEM,TRADEWEB,1,D2C,MTF,DBFTFB,'3605493241035625444
2022-07-04 14:15:56.570000,FR0011486067,Corporate bond,DIRECTION GENERALE DU TRESOR,1.75,2023-05-25,2000000,EUR,101.263,PERC,,TWEM,TWEM,TRADEWEB,1,D2C,MTF,DBFTFB,'3605493241035624603
2022-07-04 13:59:33.366000,FR0011486067,Corporate bond,DIRECTION GENERALE DU TRESOR,1.75,2023-05-25,400000,EUR,101.276,PERC,,TWEM,TWEM,TRADEWEB,1,D2C,MTF,DBFTFB,'3605493241035624425
2022-07-04 12:54:38.830000,FR0011486067,Corporate bond,DIRECTION GENERALE DU TRESOR,1.75,2023-05-25,150000,EUR,101.273,PERC,,TWEM,TWEM,TRADEWEB,1,D2C,MTF,DBFTFB,'3605493241035623810
2022-07-04 12:43:17.139000,FR0011486067,Corporate bond,DIRECTION GENERALE DU TRESOR,1.75,2023-05-25,2700000,EUR,101.27,PERC,,TWEM,TWEM,TRADEWEB,1,D2C,MTF,DBFTFB,'3605493241035623710
2022-07-04 11:50:35.776000,FR0011486067,Corporate bond,DIRECTION GENERALE DU TRESOR,1.75,2023-05-25,1000000,EUR,101.279,PERC,,TWEM,TWEM,TRADEWEB,1,D2C,MTF,DBFTFB,'3605493241035623289
2022-07-04 09:15:05.629000,FR0011486067,Corporate bond,DIRECTION GENERALE DU TRESOR,1.75,2023-05-25,2124,EUR,101.284,PERC,,TWEM,TWEM,TRADEWEB,1,D2C,MTF,DBFTFB,'3605493241035621752
2022-07-04 08:54:22.613000,FR0011486067,Corporate bond,DIRECTION GENERALE DU TRESOR,1.75,2023-05-25,1500000,EUR,101.288,PERC,,TWEM,TWEM,TRADEWEB,1,D2C,MTF,DBFTFB,'3605493241035621470
2022-07-01 13:38:05.555000,FR0011486067,Corporate bond,DIRECTION GENERALE DU TRESOR,1.75,2023-05-25,7000,EUR,101.339,PERC,,TWEM,TWEM,TRADEWEB,1,D2C,MTF,DBFTFB,'3605489942500742057
2022-07-01 09:48:01.192000,FR0011486067,Corporate bond,DIRECTION GENERALE DU TRESOR,1.75,2023-05-25,90000,EUR,101.262,PERC,,TWEM,TWEM,TRADEWEB,1,D2C,MTF,DBFTFB,'3605489942500739263
2022-07-01 09:43:40.367000,FR0011486067,Corporate bond,DIRECTION GENERALE DU TRESOR,1.75,2023-05-25,36000,EUR,101.272,PERC,,TWEM,TWEM,TRADEWEB,1,D2C,MTF,DBFTFB,'3605489942500739204
2022-07-01 09:43:29.328000,FR0011486067,Corporate bond,DIRECTION GENERALE DU TRESOR,1.75,2023-05-25,205000,EUR,101.26,PERC,,TWEM,TWEM,TRADEWEB,1,D2C,MTF,DBFTFB,'3605489942500739194
2022-07-01 09:33:25.477000,FR0011486067,Corporate bond,DIRECTION GENERALE DU TRESOR,1.75,2023-05-25,165000,EUR,101.263,PERC,,TWEM,TWEM,TRADEWEB,1,D2C,MTF,DBFTFB,'3605489942500739028
2022-07-01 09:04:30.983000,FR0011486067,Corporate bond,DIRECTION GENERALE DU TRESOR,1.75,2023-05-25,590000,EUR,101.254,PERC,,TWEM,TWEM,TRADEWEB,1,D2C,MTF,DBFTFB,'3605489942500738715
2022-07-01 06:31:39.551000,FR0011486067,Corporate bond,DIRECTION GENERALE DU TRESOR,1.75,2023-05-25,60000,EUR,101.29,PERC,,TWEM,TWEM,TRADEWEB,1,D2C,MTF,DBFTFB,'3605489942500737034
2022-06-30 15:20:42.272000,FR0011486067,Corporate bond,DIRECTION GENERALE DU TRESOR,1.75,2023-05-25,2000000,EUR,101.293,PERC,,TWEM,TWEM,TRADEWEB,1,D2C,MTF,DBFTFB,'3605488842989118655
2022-06-30 15:16:02.808000,FR0011486067,Corporate bond,DIRECTION GENERALE DU TRESOR,1.75,2023-05-25,260000,EUR,101.29,PERC,,TWEM,TWEM,TRADEWEB,1,D2C,MTF,DBFTFB,'3605488842989117780
2022-06-30 15:15:56.023000,FR0011486067,Corporate bond,DIRECTION GENERALE DU TRESOR,1.75,2023-05-25,360000,EUR,101.282,PERC,,TWEM,TWEM,TRADEWEB,1,D2C,MTF,DBFTFB,'3605488842989117645
2022-06-30 15:15:35.179000,FR0011486067,Corporate bond,DIRECTION GENERALE DU TRESOR,1.75,2023-05-25,714000,EUR,101.285,PERC,,TWEM,TWEM,TRADEWEB,1,D2C,MTF,DBFTFB,'3605488842989117237
2022-06-30 15:14:50.224000,FR0011486067,Corporate bond,DIRECTION GENERALE DU TRESOR,1.75,2023-05-25,200000,EUR,101.295,PERC,,TWEM,TWEM,TRADEWEB,1,D2C,MTF,DBFTFB,'3605488842989116464
2022-06-30 15:14:14.841000,FR0011486067,Corporate bond,DIRECTION GENERALE DU TRESOR,1.75,2023-05-25,12000,EUR,101.297,PERC,,TWEM,TWEM,TRADEWEB,1,D2C,MTF,DBFTFB,'3605488842989116159
2022-06-30 14:06:20.178000,FR0011486067,Corporate bond,DIRECTION GENERALE DU TRESOR,1.75,2023-05-25,650000,EUR,101.283,PERC,,TWEM,TWEM,TRADEWEB,1,D2C,MTF,DBFTFB,'3605488842989114325
2022-06-30 14:06:11.137000,FR0011486067,Corporate bond,DIRECTION GENERALE DU TRESOR,1.75,2023-05-25,172179,EUR,101.297,PERC,,TWEM,TWEM,TRADEWEB,1,D2C,MTF,DBFTFB,'3605488842989114318
2022-06-30 13:59:39.352000,FR0011486067,Corporate bond,DIRECTION GENERALE DU TRESOR,1.75,2023-05-25,900000,EUR,101.289,PERC,,TWEM,TWEM,TRADEWEB,1,D2C,MTF,DBFTFB,'3605488842989114183
2022-06-30 13:06:13.949000,FR0011486067,Corporate bond,DIRECTION GENERALE DU TRESOR,1.75,2023-05-25,391000,EUR,101.295,PERC,,TWEM,TWEM,TRADEWEB,1,D2C,MTF,DBFTFB,'3605488842989113569
2022-06-29 14:10:35.751000,FR0011486067,Corporate bond,DIRECTION GENERALE DU TRESOR,1.75,2023-05-25,123000,EUR,101.246,PERC,,TWEM,TWEM,TRADEWEB,1,D2C,MTF,DBFTFB,'3605487743477486195
2022-06-29 10:36:14.085000,FR0011486067,Corporate bond,DIRECTION GENERALE DU TRESOR,1.75,2023-05-25,34000,EUR,101.229,PERC,,TWEM,TWEM,TRADEWEB,1,D2C,MTF,DBFTFB,'3605487743477484065
2022-06-29 10:05:25.099000,FR0011486067,Corporate bond,DIRECTION GENERALE DU TRESOR,1.75,2023-05-25,450000,EUR,101.219,PERC,,TWEM,TWEM,TRADEWEB,1,D2C,MTF,DBFTFB,'3605487743477483799
2022-06-29 07:08:47.757000,FR0011486067,Corporate bond,DIRECTION GENERALE DU TRESOR,1.75,2023-05-25,300000,EUR,101.24,PERC,,TWEM,TWEM,TRADEWEB,1,D2C,MTF,DBFTFB,'3605487743477481693
2022-06-28 15:14:37.998000,FR0011486067,Corporate bond,DIRECTION GENERALE DU TRESOR,1.75,2023-05-25,200000,EUR,101.211,PERC,,TWEM,TWEM,TRADEWEB,1,D2C,MTF,DBFTFB,'3605486643965858888
2022-06-28 14:06:52.906000,FR0011486067,Corporate bond,DIRECTION GENERALE DU TRESOR,1.75,2023-05-25,300000,EUR,101.215,PERC,,TWEM,TWEM,TRADEWEB,1,D2C,MTF,DBFTFB,'3605486643965857927
2022-06-28 09:25:08.072000,FR0011486067,Corporate bond,DIRECTION GENERALE DU TRESOR,1.75,2023-05-25,300000,EUR,101.227,PERC,,TWEM,TWEM,TRADEWEB,1,D2C,MTF,DBFTFB,'3605486643965855293
2022-06-28 07:53:19.403000,FR0011486067,Corporate bond,DIRECTION GENERALE DU TRESOR,1.75,2023-05-25,200000,EUR,101.207,PERC,,TWEM,TWEM,TRADEWEB,1,D2C,MTF,DBFTFB,'3605486643965854324
2022-06-28 05:03:46.000000,FR0011486067,Corporate bond,DIRECTION GENERALE DU TRESOR,1.75,2023-05-25,106700000,EUR,101.252704,PERC,IDAF,TWEM,TWEM,TRADEWEB,4,D2C,MTF,DBFTFB,'7208366345862251121
2022-06-27 13:24:56.805000,FR0011486067,Corporate bond,DIRECTION GENERALE DU TRESOR,1.75,2023-05-25,51000,EUR,101.25,PERC,,TWEM,TWEM,TRADEWEB,1,D2C,MTF,DBFTFB,'3605485544454229770
2022-06-27 11:14:43.458000,FR0011486067,Corporate bond,DIRECTION GENERALE DU TRESOR,1.75,2023-05-25,8000,EUR,101.243,PERC,,TWEM,TWEM,TRADEWEB,1,D2C,MTF,DBFTFB,'3605485544454228385
2022-06-27 07:36:13.130000,FR0011486067,Corporate bond,DIRECTION GENERALE DU TRESOR,1.75,2023-05-25,500000,EUR,101.283,PERC,,TWEM,TWEM,TRADEWEB,1,D2C,MTF,DBFTFB,'3605485544454226241
2022-06-24 15:32:18.733000,FR0011486067,Corporate bond,DIRECTION GENERALE DU TRESOR,1.75,2023-05-25,1300000,EUR,101.292,PERC,,TWEM,TWEM,TRADEWEB,1,D2C,MTF,DBFTFB,'3605482245919348269
2022-06-24 15:14:03.102000,FR0011486067,Corporate bond,DIRECTION GENERALE DU TRESOR,1.75,2023-05-25,100000,EUR,101.3,PERC,,TWEM,TWEM,TRADEWEB,1,D2C,MTF,DBFTFB,'3605482245919347863
2022-06-24 10:18:02.677000,FR0011486067,Corporate bond,DIRECTION GENERALE DU TRESOR,1.75,2023-05-25,8114,EUR,101.279,PERC,,TWEM,TWEM,TRADEWEB,1,D2C,MTF,DBFTFB,'3605482245919344716
2022-06-23 10:07:06.475000,FR0011486067,Corporate bond,DIRECTION GENERALE DU TRESOR,1.75,2023-05-25,1700000,EUR,101.301,PERC,,TWEM,TWEM,TRADEWEB,1,D2C,MTF,DBFTFB,'3605481146407716914
2022-06-22 15:14:17.402000,FR0011486067,Corporate bond,DIRECTION GENERALE DU TRESOR,1.75,2023-05-25,100000,EUR,101.213,PERC,,TWEM,TWEM,TRADEWEB,1,D2C,MTF,DBFTFB,'3605480046896092832
2022-06-22 12:44:58.947000,FR0011486067,Corporate bond,DIRECTION GENERALE DU TRESOR,1.75,2023-05-25,100000,EUR,101.211,PERC,,TWEM,TWEM,TRADEWEB,1,D2C,MTF,DBFTFB,'3605480046896090976
2022-06-22 10:05:39.681000,FR0011486067,Corporate bond,DIRECTION GENERALE DU TRESOR,1.75,2023-05-25,640000,EUR,101.206,PERC,,TWEM,TWEM,TRADEWEB,1,D2C,MTF,DBFTFB,'3605480046896089536
2022-06-21 15:15:09.998000,FR0011486067,Corporate bond,DIRECTION GENERALE DU TRESOR,1.75,2023-05-25,1280000,EUR,101.179,PERC,,TWEM,TWEM,TRADEWEB,1,D2C,MTF,DBFTFB,'3605478947384465932
2022-06-21 14:49:08.754000,FR0011486067,Corporate bond,DIRECTION GENERALE DU TRESOR,1.75,2023-05-25,1700000,EUR,101.184,PERC,,TWEM,TWEM,TRADEWEB,1,D2C,MTF,DBFTFB,'3605478947384465498
2022-06-21 13:34:02.420000,FR0011486067,Corporate bond,DIRECTION GENERALE DU TRESOR,1.75,2023-05-25,56000,EUR,101.171,PERC,,TWEM,TWEM,TRADEWEB,1,D2C,MTF,DBFTFB,'3605478947384464380
2022-06-21 08:02:54.701000,FR0011486067,Corporate bond,DIRECTION GENERALE DU TRESOR,1.75,2023-05-25,1600000,EUR,101.181,PERC,,TWEM,TWEM,TRADEWEB,1,D2C,MTF,DBFTFB,'3605478947384460114
2022-06-21 05:03:31.000000,FR0011486067,Corporate bond,DIRECTION GENERALE DU TRESOR,1.75,2023-05-25,144330000,EUR,101.131033,PERC,IDAF,TWEM,TWEM,TRADEWEB,5,D2C,MTF,DBFTFB,'7208358649280856629
2022-06-17 15:15:13.150000,FR0011486067,Corporate bond,DIRECTION GENERALE DU TRESOR,1.75,2023-05-25,4000,EUR,101.178,PERC,,TWEM,TWEM,TRADEWEB,1,D2C,MTF,DBFTFB,'3605474549337954771
2022-06-17 14:05:12.717000,FR0011486067,Corporate bond,DIRECTION GENERALE DU TRESOR,1.75,2023-05-25,1000000,EUR,101.148,PERC,,TWEM,TWEM,TRADEWEB,1,D2C,MTF,DBFTFB,'3605474549337953850
2022-06-17 11:43:10.088000,FR0011486067,Corporate bond,DIRECTION GENERALE DU TRESOR,1.75,2023-05-25,3000,EUR,101.171,PERC,,TWEM,TWEM,TRADEWEB,1,D2C,MTF,DBFTFB,'3605474549337951843
2022-06-16 15:14:36.209000,FR0011486067,Corporate bond,DIRECTION GENERALE DU TRESOR,1.75,2023-05-25,200000,EUR,101.133,PERC,,TWEM,TWEM,TRADEWEB,1,D2C,MTF,DBFTFB,'3605473449826327485
2022-06-16 11:09:11.433000,FR0011486067,Corporate bond,DIRECTION GENERALE DU TRESOR,1.75,2023-05-25,20000,EUR,101.103,PERC,,TWEM,TWEM,TRADEWEB,1,D2C,MTF,DBFTFB,'3605473449826323800
2022-06-16 10:26:08.522000,FR0011486067,Corporate bond,DIRECTION GENERALE DU TRESOR,1.75,2023-05-25,255000,EUR,101.128,PERC,,TWEM,TWEM,TRADEWEB,1,D2C,MTF,DBFTFB,'3605473449826323441
2022-06-16 10:18:58.278000,FR0011486067,Corporate bond,DIRECTION GENERALE DU TRESOR,1.75,2023-05-25,1700000,EUR,101.138,PERC,,TWEM,TWEM,TRADEWEB,1,D2C,MTF,DBFTFB,'3605473449826323352
2022-06-16 07:12:48.162000,FR0011486067,Corporate bond,DIRECTION GENERALE DU TRESOR,1.75,2023-05-25,286000,EUR,101.18,PERC,,TWEM,TWEM,TRADEWEB,1,D2C,MTF,DBFTFB,'3605473449826320564
2022-06-15 15:37:23.937000,FR0011486067,Corporate bond,DIRECTION GENERALE DU TRESOR,1.75,2023-05-25,300000,EUR,101.211,PERC,,TWEM,TWEM,TRADEWEB,1,D2C,MTF,DBFTFB,'3605472350314702028
2022-06-15 14:23:18.606000,FR0011486067,Corporate bond,DIRECTION GENERALE DU TRESOR,1.75,2023-05-25,130000,EUR,101.2,PERC,,TWEM,TWEM,TRADEWEB,1,D2C,MTF,DBFTFB,'3605472350314700157
2022-06-15 13:14:37.851000,FR0011486067,Corporate bond,DIRECTION GENERALE DU TRESOR,1.75,2023-05-25,591000,EUR,101.194,PERC,,TWEM,TWEM,TRADEWEB,1,D2C,MTF,DBFTFB,'3605472350314698906
2022-06-15 12:07:14.939000,FR0011486067,Corporate bond,DIRECTION GENERALE DU TRESOR,1.75,2023-05-25,200000,EUR,101.164,PERC,,TWEM,TWEM,TRADEWEB,1,D2C,MTF,DBFTFB,'3605472350314697925
2022-06-15 09:49:22.624000,FR0011486067,Corporate bond,DIRECTION GENERALE DU TRESOR,1.75,2023-05-25,400000,EUR,101.145,PERC,,TWEM,TWEM,TRADEWEB,1,D2C,MTF,DBFTFB,'3605472350314695938
2022-06-15 08:21:51.331000,FR0011486067,Corporate bond,DIRECTION GENERALE DU TRESOR,1.75,2023-05-25,740000,EUR,101.12,PERC,,TWEM,TWEM,TRADEWEB,1,D2C,MTF,DBFTFB,'3605472350314694043
2022-06-14 15:40:35.582000,FR0011486067,Corporate bond,DIRECTION GENERALE DU TRESOR,1.75,2023-05-25,2150000,EUR,101.165,PERC,,TWEM,TWEM,TRADEWEB,1,D2C,MTF,DBFTFB,'3605471250803073172
2022-06-14 15:33:54.796000,FR0011486067,Corporate bond,DIRECTION GENERALE DU TRESOR,1.75,2023-05-25,100000,EUR,101.118,PERC,,TWEM,TWEM,TRADEWEB,1,D2C,MTF,DBFTFB,'3605471250803073102
2022-06-14 15:15:10.062000,FR0011486067,Corporate bond,DIRECTION GENERALE DU TRESOR,1.75,2023-05-25,305000,EUR,101.151,PERC,,TWEM,TWEM,TRADEWEB,1,D2C,MTF,DBFTFB,'3605471250803072710
2022-06-14 15:09:00.462000,FR0011486067,Corporate bond,DIRECTION GENERALE DU TRESOR,1.75,2023-05-25,1500000,EUR,101.156,PERC,,TWEM,TWEM,TRADEWEB,1,D2C,MTF,DBFTFB,'3605471250803072411
2022-06-14 07:27:35.253000,FR0011486067,Corporate bond,DIRECTION GENERALE DU TRESOR,1.75,2023-05-25,100000,EUR,101.158,PERC,,TWEM,TWEM,TRADEWEB,1,D2C,MTF,DBFTFB,'3605471250803065381
2022-06-14 07:24:14.452000,FR0011486067,Corporate bond,DIRECTION GENERALE DU TRESOR,1.75,2023-05-25,78000,EUR,101.126,PERC,,TWEM,TWEM,TRADEWEB,1,D2C,MTF,DBFTFB,'3605471250803065288
2022-06-14 05:03:21.000000,FR0011486067,Corporate bond,DIRECTION GENERALE DU TRESOR,1.75,2023-05-25,46494824,EUR,101.385816,PERC,IDAF,TWEM,TWEM,TRADEWEB,5,D2C,MTF,DBFTFB,'7208350952699462172
2022-06-13 15:53:43.087000,FR0011486067,Corporate bond,DIRECTION GENERALE DU TRESOR,1.75,2023-05-25,1500000,EUR,101.186,PERC,,TWEM,TWEM,TRADEWEB,1,D2C,MTF,DBFTFB,'3605470151291445516
2022-06-13 14:38:02.158000,FR0011486067,Corporate bond,DIRECTION GENERALE DU TRESOR,1.75,2023-05-25,500000,EUR,101.178,PERC,,TWEM,TWEM,TRADEWEB,1,D2C,MTF,DBFTFB,'3605470151291444014
2022-06-13 13:24:35.134000,FR0011486067,Corporate bond,DIRECTION GENERALE DU TRESOR,1.75,2023-05-25,24000,EUR,101.183,PERC,,TWEM,TWEM,TRADEWEB,1,D2C,MTF,DBFTFB,'3605470151291442500
2022-06-13 12:59:24.388000,FR0011486067,Corporate bond,DIRECTION GENERALE DU TRESOR,1.75,2023-05-25,2000,EUR,101.221,PERC,,TWEM,TWEM,TRADEWEB,1,D2C,MTF,DBFTFB,'3605470151291442174
2022-06-13 12:27:32.522000,FR0011486067,Corporate bond,DIRECTION GENERALE DU TRESOR,1.75,2023-05-25,2600000,EUR,101.203,PERC,,TWEM,TWEM,TRADEWEB,1,D2C,MTF,DBFTFB,'3605470151291441743
2022-06-13 11:03:33.656000,FR0011486067,Corporate bond,DIRECTION GENERALE DU TRESOR,1.75,2023-05-25,9000,EUR,101.224,PERC,,TWEM,TWEM,TRADEWEB,1,D2C,MTF,DBFTFB,'3605470151291440638
2022-06-13 09:42:54.376000,FR0011486067,Corporate bond,DIRECTION GENERALE DU TRESOR,1.75,2023-05-25,200000,EUR,101.245,PERC,,TWEM,TWEM,TRADEWEB,1,D2C,MTF,DBFTFB,'3605470151291439667
2022-06-10 15:48:26.560000,FR0011486067,Corporate bond,DIRECTION GENERALE DU TRESOR,1.75,2023-05-25,231000,EUR,101.298,PERC,,TWEM,TWEM,TRADEWEB,1,D2C,MTF,DBFTFB,'3605466852756560264
2022-06-10 14:34:56.983000,FR0011486067,Corporate bond,DIRECTION GENERALE DU TRESOR,1.75,2023-05-25,177000,EUR,101.275,PERC,,TWEM,TWEM,TRADEWEB,1,D2C,MTF,DBFTFB,'3605466852756559292
2022-06-10 10:05:52.514000,FR0011486067,Corporate bond,DIRECTION GENERALE DU TRESOR,1.75,2023-05-25,2000000,EUR,101.353,PERC,,TWEM,TWEM,TRADEWEB,1,D2C,MTF,DBFTFB,'3605466852756556191
2022-06-10 08:17:26.777000,FR0011486067,Corporate bond,DIRECTION GENERALE DU TRESOR,1.75,2023-05-25,7307,EUR,101.364,PERC,,TWEM,TWEM,TRADEWEB,1,D2C,MTF,DBFTFB,'3605466852756554837
2022-06-10 08:17:19.406000,FR0011486067,Corporate bond,DIRECTION GENERALE DU TRESOR,1.75,2023-05-25,15756,EUR,101.348,PERC,,TWEM,TWEM,TRADEWEB,1,D2C,MTF,DBFTFB,'3605466852756554832
2022-06-09 09:36:06.603000,FR0011486067,Corporate bond,DIRECTION GENERALE DU TRESOR,1.75,2023-05-25,2100000,EUR,101.438,PERC,,TWEM,TWEM,TRADEWEB,1,D2C,MTF,DBFTFB,'3605465753244927589
2022-06-09 09:14:24.184000,FR0011486067,Corporate bond,DIRECTION GENERALE DU TRESOR,1.75,2023-05-25,312,EUR,101.443,PERC,,TWEM,TWEM,TRADEWEB,1,D2C,MTF,DBFTFB,'3605465753244927257
2022-06-09 09:14:20.197000,FR0011486067,Corporate bond,DIRECTION GENERALE DU TRESOR,1.75,2023-05-25,69200,EUR,101.436,PERC,,TWEM,TWEM,TRADEWEB,1,D2C,MTF,DBFTFB,'3605465753244927251
2022-06-08 15:48:38.762000,FR0011486067,Corporate bond,DIRECTION GENERALE DU TRESOR,1.75,2023-05-25,152000,EUR,101.454,PERC,,TWEM,TWEM,TRADEWEB,1,D2C,MTF,DBFTFB,'3605464653733304060
2022-06-08 11:44:41.986000,FR0011486067,Corporate bond,DIRECTION GENERALE DU TRESOR,1.75,2023-05-25,2650000,EUR,101.431,PERC,,TWEM,TWEM,TRADEWEB,1,D2C,MTF,DBFTFB,'3605464653733301578
2022-06-08 09:12:34.662000,FR0011486067,Corporate bond,DIRECTION GENERALE DU TRESOR,1.75,2023-05-25,44809,EUR,101.464,PERC,,TWEM,TWEM,TRADEWEB,1,D2C,MTF,DBFTFB,'3605464653733299866
2022-06-08 09:12:29.677000,FR0011486067,Corporate bond,DIRECTION GENERALE DU TRESOR,1.75,2023-05-25,1608,EUR,101.457,PERC,,TWEM,TWEM,TRADEWEB,1,D2C,MTF,DBFTFB,'3605464653733299861
2022-06-07 11:59:56.384000,FR0011486067,Corporate bond,DIRECTION GENERALE DU TRESOR,1.75,2023-05-25,1500000,EUR,101.499,PERC,,TWEM,TWEM,TRADEWEB,1,D2C,MTF,DBFTFB,'3605463554221673787
2022-06-07 11:07:06.623000,FR0011486067,Corporate bond,DIRECTION GENERALE DU TRESOR,1.75,2023-05-25,1000,EUR,101.495,PERC,,TWEM,TWEM,TRADEWEB,1,D2C,MTF,DBFTFB,'3605463554221673429
2022-06-07 09:47:09.541000,FR0011486067,Corporate bond,DIRECTION GENERALE DU TRESOR,1.75,2023-05-25,61695,EUR,101.487,PERC,,TWEM,TWEM,TRADEWEB,1,D2C,MTF,DBFTFB,'3605463554221672446
2022-06-07 08:34:57.199000,FR0011486067,Corporate bond,DIRECTION GENERALE DU TRESOR,1.75,2023-05-25,1423,EUR,101.495,PERC,,TWEM,TWEM,TRADEWEB,1,D2C,MTF,DBFTFB,'3605463554221671454
2022-06-07 08:34:54.253000,FR0011486067,Corporate bond,DIRECTION GENERALE DU TRESOR,1.75,2023-05-25,6328,EUR,101.482,PERC,,TWEM,TWEM,TRADEWEB,1,D2C,MTF,DBFTFB,'3605463554221671446
2022-06-07 05:03:54.000000,FR0011486067,Corporate bond,DIRECTION GENERALE DU TRESOR,1.75,2023-05-25,377789569,EUR,101.570559,PERC,IDAF,TWEM,TWEM,TRADEWEB,26,D2C,MTF,DBFTFB,'7208343256118067689
2022-06-06 14:05:34.599000,FR0011486067,Corporate bond,DIRECTION GENERALE DU TRESOR,1.75,2023-05-25,24602,EUR,101.475,PERC,,TWEM,TWEM,TRADEWEB,1,D2C,MTF,DBFTFB,'3605462454710045328
2022-06-06 08:29:32.541000,FR0011486067,Corporate bond,DIRECTION GENERALE DU TRESOR,1.75,2023-05-25,134180,EUR,101.477,PERC,,TWEM,TWEM,TRADEWEB,1,D2C,MTF,DBFTFB,'3605462454710043188
2022-06-03 15:14:08.766000,FR0011486067,Corporate bond,DIRECTION GENERALE DU TRESOR,1.75,2023-05-25,600000,EUR,101.493,PERC,,TWEM,TWEM,TRADEWEB,1,D2C,MTF,DBFTFB,'3605459156175163571
2022-06-03 12:42:50.797000,FR0011486067,Corporate bond,DIRECTION GENERALE DU TRESOR,1.75,2023-05-25,1285000,EUR,101.496,PERC,,TWEM,TWEM,TRADEWEB,1,D2C,MTF,DBFTFB,'3605459156175162286
2022-06-03 11:06:19.755000,FR0011486067,Corporate bond,DIRECTION GENERALE DU TRESOR,1.75,2023-05-25,3529,EUR,101.505,PERC,,TWEM,TWEM,TRADEWEB,1,D2C,MTF,DBFTFB,'3605459156175161433
2022-06-03 11:06:14.699000,FR0011486067,Corporate bond,DIRECTION GENERALE DU TRESOR,1.75,2023-05-25,5145,EUR,101.505,PERC,,TWEM,TWEM,TRADEWEB,1,D2C,MTF,DBFTFB,'3605459156175161417
2022-06-03 10:03:11.323000,FR0011486067,Corporate bond,DIRECTION GENERALE DU TRESOR,1.75,2023-05-25,1858,EUR,101.494,PERC,,TWEM,TWEM,TRADEWEB,1,D2C,MTF,DBFTFB,'3605459156175160995
2022-06-03 08:35:33.375000,FR0011486067,Corporate bond,DIRECTION GENERALE DU TRESOR,1.75,2023-05-25,2000000,EUR,101.479,PERC,,TWEM,TWEM,TRADEWEB,1,D2C,MTF,DBFTFB,'3605459156175160151
2022-06-02 15:14:03.027000,FR0011486067,Corporate bond,DIRECTION GENERALE DU TRESOR,1.75,2023-05-25,500000,EUR,101.518,PERC,,TWEM,TWEM,TRADEWEB,1,D2C,MTF,DBFTFB,'3605458056663534501
2022-06-02 14:28:00.529000,FR0011486067,Corporate bond,DIRECTION GENERALE DU TRESOR,1.75,2023-05-25,275000,EUR,101.522,PERC,,TWEM,TWEM,TRADEWEB,1,D2C,MTF,DBFTFB,'3605458056663534140
2022-06-02 12:37:17.219000,FR0011486067,Corporate bond,DIRECTION GENERALE DU TRESOR,1.75,2023-05-25,422000,EUR,101.538,PERC,,TWEM,TWEM,TRADEWEB,1,D2C,MTF,DBFTFB,'3605458056663533524
2022-06-02 12:17:09.917000,FR0011486067,Corporate bond,DIRECTION GENERALE DU TRESOR,1.75,2023-05-25,810000,EUR,101.543,PERC,,TWEM,TWEM,TRADEWEB,1,D2C,MTF,DBFTFB,'3605458056663533417
2022-06-02 11:56:50.891000,FR0011486067,Corporate bond,DIRECTION GENERALE DU TRESOR,1.75,2023-05-25,800000,EUR,101.546,PERC,,TWEM,TWEM,TRADEWEB,1,D2C,MTF,DBFTFB,'3605458056663533324
2022-06-02 10:46:09.210000,FR0011486067,Corporate bond,DIRECTION GENERALE DU TRESOR,1.75,2023-05-25,234000,EUR,101.54,PERC,,TWEM,TWEM,TRADEWEB,1,D2C,MTF,DBFTFB,'3605458056663533046
2022-06-02 10:03:21.667000,FR0011486067,Corporate bond,DIRECTION GENERALE DU TRESOR,1.75,2023-05-25,750000,EUR,101.53,PERC,,TWEM,TWEM,TRADEWEB,1,D2C,MTF,DBFTFB,'3605458056663532664
2022-06-02 06:59:29.645000,FR0011486067,Corporate bond,DIRECTION GENERALE DU TRESOR,1.75,2023-05-25,2500000,EUR,101.55,PERC,,TWEM,TWEM,TRADEWEB,1,D2C,MTF,DBFTFB,'3605458056663531551
2022-06-01 15:14:11.731000,FR0011486067,Corporate bond,DIRECTION GENERALE DU TRESOR,1.75,2023-05-25,2596918,EUR,101.574,PERC,,TWEM,TWEM,TRADEWEB,1,D2C,MTF,DBFTFB,'3605456957151910007
2022-06-01 14:39:23.307000,FR0011486067,Corporate bond,DIRECTION GENERALE DU TRESOR,1.75,2023-05-25,500000,EUR,101.57,PERC,,TWEM,TWEM,TRADEWEB,1,D2C,MTF,DBFTFB,'3605456957151909515
2022-06-01 14:11:47.703000,FR0011486067,Corporate bond,DIRECTION GENERALE DU TRESOR,1.75,2023-05-25,40000,EUR,101.579,PERC,,TWEM,TWEM,TRADEWEB,1,D2C,MTF,DBFTFB,'3605456957151909099
2022-06-01 12:51:09.392000,FR0011486067,Corporate bond,DIRECTION GENERALE DU TRESOR,1.75,2023-05-25,300000,EUR,101.575,PERC,,TWEM,TWEM,TRADEWEB,1,D2C,MTF,DBFTFB,'3605456957151908020
2022-06-01 11:50:33.326000,FR0011486067,Corporate bond,DIRECTION GENERALE DU TRESOR,1.75,2023-05-25,33000,EUR,101.545,PERC,,TWEM,TWEM,TRADEWEB,1,D2C,MTF,DBFTFB,'3605456957151907349
2022-06-01 08:25:55.725000,FR0011486067,Corporate bond,DIRECTION GENERALE DU TRESOR,1.75,2023-05-25,39529,EUR,101.559,PERC,,TWEM,TWEM,TRADEWEB,1,D2C,MTF,DBFTFB,'3605456957151904910
2022-06-01 07:43:35.026000,FR0011486067,Corporate bond,DIRECTION GENERALE DU TRESOR,1.75,2023-05-25,600000,EUR,101.557,PERC,,TWEM,TWEM,TRADEWEB,1,D2C,MTF,DBFTFB,'3605456957151904252
2022-05-31 15:20:11.802000,FR0011486067,Corporate bond,DIRECTION GENERALE DU TRESOR,1.75,2023-05-25,1739617,EUR,101.584,PERC,,TWEM,TWEM,TRADEWEB,1,D2C,MTF,DBFTFB,'3605455857640284883
2022-05-31 15:17:35.931000,FR0011486067,Corporate bond,DIRECTION GENERALE DU TRESOR,1.75,2023-05-25,935880,EUR,101.58,PERC,,TWEM,TWEM,TRADEWEB,1,D2C,MTF,DBFTFB,'3605455857640284328
2022-05-31 15:17:12.102000,FR0011486067,Corporate bond,DIRECTION GENERALE DU TRESOR,1.75,2023-05-25,160000,EUR,101.571,PERC,,TWEM,TWEM,TRADEWEB,1,D2C,MTF,DBFTFB,'3605455857640284231
2022-05-31 15:15:45.434000,FR0011486067,Corporate bond,DIRECTION GENERALE DU TRESOR,1.75,2023-05-25,600000,EUR,101.581,PERC,,TWEM,TWEM,TRADEWEB,1,D2C,MTF,DBFTFB,'3605455857640283907
2022-05-31 15:15:36.225000,FR0011486067,Corporate bond,DIRECTION GENERALE DU TRESOR,1.75,2023-05-25,1532000,EUR,101.58,PERC,,TWEM,TWEM,TRADEWEB,1,D2C,MTF,DBFTFB,'3605455857640283798
2022-05-31 15:15:28.101000,FR0011486067,Corporate bond,DIRECTION GENERALE DU TRESOR,1.75,2023-05-25,1120000,EUR,101.58,PERC,,TWEM,TWEM,TRADEWEB,1,D2C,MTF,DBFTFB,'3605455857640283571
2022-05-31 15:15:07.880000,FR0011486067,Corporate bond,DIRECTION GENERALE DU TRESOR,1.75,2023-05-25,24200,EUR,101.591,PERC,,TWEM,TWEM,TRADEWEB,1,D2C,MTF,DBFTFB,'3605455857640283126
2022-05-31 15:15:04.967000,FR0011486067,Corporate bond,DIRECTION GENERALE DU TRESOR,1.75,2023-05-25,910000,EUR,101.58,PERC,,TWEM,TWEM,TRADEWEB,1,D2C,MTF,DBFTFB,'3605455857640283042
2022-05-31 15:14:41.131000,FR0011486067,Corporate bond,DIRECTION GENERALE DU TRESOR,1.75,2023-05-25,300000,EUR,101.577,PERC,,TWEM,TWEM,TRADEWEB,1,D2C,MTF,DBFTFB,'3605455857640282825
2022-05-31 15:14:07.901000,FR0011486067,Corporate bond,DIRECTION GENERALE DU TRESOR,1.75,2023-05-25,1585400,EUR,101.578,PERC,,TWEM,TWEM,TRADEWEB,1,D2C,MTF,DBFTFB,'3605455857640282423
2022-05-31 15:13:47.324000,FR0011486067,Corporate bond,DIRECTION GENERALE DU TRESOR,1.75,2023-05-25,171000,EUR,101.58,PERC,,TWEM,TWEM,TRADEWEB,1,D2C,MTF,DBFTFB,'3605455857640282343
2022-05-31 15:08:15.327000,FR0011486067,Corporate bond,DIRECTION GENERALE DU TRESOR,1.75,2023-05-25,60411,EUR,101.587,PERC,,TWEM,TWEM,TRADEWEB,1,D2C,MTF,DBFTFB,'3605455857640281808
2022-05-31 15:07:01.431000,FR0011486067,Corporate bond,DIRECTION GENERALE DU TRESOR,1.75,2023-05-25,999000,EUR,101.574,PERC,,TWEM,TWEM,TRADEWEB,1,D2C,MTF,DBFTFB,'3605455857640281699
2022-05-31 15:05:24.049000,FR0011486067,Corporate bond,DIRECTION GENERALE DU TRESOR,1.75,2023-05-25,92900,EUR,101.582,PERC,,TWEM,TWEM,TRADEWEB,1,D2C,MTF,DBFTFB,'3605455857640281576
2022-05-31 15:05:22.243000,FR0011486067,Corporate bond,DIRECTION GENERALE DU TRESOR,1.75,2023-05-25,420000,EUR,101.574,PERC,,TWEM,TWEM,TRADEWEB,1,D2C,MTF,DBFTFB,'3605455857640281567
2022-05-31 14:59:55.995000,FR0011486067,Corporate bond,DIRECTION GENERALE DU TRESOR,1.75,2023-05-25,563544,EUR,101.576,PERC,,TWEM,TWEM,TRADEWEB,1,D2C,MTF,DBFTFB,'3605455857640281442
2022-05-31 14:48:59.370000,FR0011486067,Corporate bond,DIRECTION GENERALE DU TRESOR,1.75,2023-05-25,600000,EUR,101.572,PERC,,TWEM,TWEM,TRADEWEB,1,D2C,MTF,DBFTFB,'3605455857640281271
2022-05-31 14:08:17.381000,FR0011486067,Corporate bond,DIRECTION GENERALE DU TRESOR,1.75,2023-05-25,1500000,EUR,101.573,PERC,,TWEM,TWEM,TRADEWEB,1,D2C,MTF,DBFTFB,'3605455857640280770
2022-05-31 12:26:11.051000,FR0011486067,Corporate bond,DIRECTION GENERALE DU TRESOR,1.75,2023-05-25,20000,EUR,101.594,PERC,,TWEM,TWEM,TRADEWEB,1,D2C,MTF,DBFTFB,'3605455857640279363
2022-05-31 10:48:16.134000,FR0011486067,Corporate bond,DIRECTION GENERALE DU TRESOR,1.75,2023-05-25,100000,EUR,101.606,PERC,,TWEM,TWEM,TRADEWEB,1,D2C,MTF,DBFTFB,'3605455857640278746
2022-05-31 09:01:15.239000,FR0011486067,Corporate bond,DIRECTION GENERALE DU TRESOR,1.75,2023-05-25,27198,EUR,101.625,PERC,,TWEM,TWEM,TRADEWEB,1,D2C,MTF,DBFTFB,'3605455857640277314
2022-05-31 05:03:12.000000,FR0011486067,Corporate bond,DIRECTION GENERALE DU TRESOR,1.75,2023-05-25,35300000,EUR,101.744093,PERC,IDAF,TWEM,TWEM,TRADEWEB,7,D2C,MTF,DBFTFB,'7208335559536673189
2022-05-30 15:15:12.083000,FR0011486067,Corporate bond,DIRECTION GENERALE DU TRESOR,1.75,2023-05-25,1890000,EUR,101.63,PERC,,TWEM,TWEM,TRADEWEB,1,D2C,MTF,DBFTFB,'3605454758128653361
2022-05-30 15:15:05.110000,FR0011486067,Corporate bond,DIRECTION GENERALE DU TRESOR,1.75,2023-05-25,700000,EUR,101.631,PERC,,TWEM,TWEM,TRADEWEB,1,D2C,MTF,DBFTFB,'3605454758128653329
2022-05-30 15:06:45.248000,FR0011486067,Corporate bond,DIRECTION GENERALE DU TRESOR,1.75,2023-05-25,1000000,EUR,101.627,PERC,,TWEM,TWEM,TRADEWEB,1,D2C,MTF,DBFTFB,'3605454758128653174
2022-05-30 14:36:03.262000,FR0011486067,Corporate bond,DIRECTION GENERALE DU TRESOR,1.75,2023-05-25,1700000,EUR,101.611,PERC,,TWEM,TWEM,TRADEWEB,1,D2C,MTF,DBFTFB,'3605454758128652942
2022-05-30 12:56:43.436000,FR0011486067,Corporate bond,DIRECTION GENERALE DU TRESOR,1.75,2023-05-25,15000,EUR,101.609,PERC,,TWEM,TWEM,TRADEWEB,1,D2C,MTF,DBFTFB,'3605454758128651922
2022-05-30 12:28:59.305000,FR0011486067,Corporate bond,DIRECTION GENERALE DU TRESOR,1.75,2023-05-25,60229,EUR,101.614,PERC,,TWEM,TWEM,TRADEWEB,1,D2C,MTF,DBFTFB,'3605454758128651536
2022-05-27 15:13:20.380000,FR0011486067,Corporate bond,DIRECTION GENERALE DU TRESOR,1.75,2023-05-25,310000,EUR,101.671,PERC,,TWEM,TWEM,TRADEWEB,1,D2C,MTF,DBFTFB,'3605451459593769773
2022-05-27 15:03:34.009000,FR0011486067,Corporate bond,DIRECTION GENERALE DU TRESOR,1.75,2023-05-25,1140000,EUR,101.665,PERC,,TWEM,TWEM,TRADEWEB,1,D2C,MTF,DBFTFB,'3605451459593769614
2022-05-27 10:18:37.651000,FR0011486067,Corporate bond,DIRECTION GENERALE DU TRESOR,1.75,2023-05-25,10837,EUR,101.686,PERC,,TWEM,TWEM,TRADEWEB,1,D2C,MTF,DBFTFB,'3605451459593767059
2022-05-27 09:08:47.155000,FR0011486067,Corporate bond,DIRECTION GENERALE DU TRESOR,1.75,2023-05-25,3816,EUR,101.683,PERC,,TWEM,TWEM,TRADEWEB,1,D2C,MTF,DBFTFB,'3605451459593766299
2022-05-27 09:08:39.144000,FR0011486067,Corporate bond,DIRECTION GENERALE DU TRESOR,1.75,2023-05-25,261,EUR,101.684,PERC,,TWEM,TWEM,TRADEWEB,1,D2C,MTF,DBFTFB,'3605451459593766293
2022-05-26 15:37:13.230000,FR0011486067,Corporate bond,DIRECTION GENERALE DU TRESOR,1.75,2023-05-25,74000,EUR,101.699,PERC,,TWEM,TWEM,TRADEWEB,1,D2C,MTF,DBFTFB,'3605450360082140101
2022-05-26 08:25:47.246000,FR0011486067,Corporate bond,DIRECTION GENERALE DU TRESOR,1.75,2023-05-25,3014,EUR,101.729,PERC,,TWEM,TWEM,TRADEWEB,1,D2C,MTF,DBFTFB,'3605450360082137517
2022-05-26 08:25:43.207000,FR0011486067,Corporate bond,DIRECTION GENERALE DU TRESOR,1.75,2023-05-25,1017,EUR,101.729,PERC,,TWEM,TWEM,TRADEWEB,1,D2C,MTF,DBFTFB,'3605450360082137510
2022-05-25 15:32:00.038000,FR0011486067,Corporate bond,DIRECTION GENERALE DU TRESOR,1.75,2023-05-25,111000,EUR,101.73,PERC,,TWEM,TWEM,TRADEWEB,1,D2C,MTF,DBFTFB,'3605449260570515337
2022-05-25 10:57:27.375000,FR0011486067,Corporate bond,DIRECTION GENERALE DU TRESOR,1.75,2023-05-25,4000,EUR,101.745,PERC,,TWEM,TWEM,TRADEWEB,1,D2C,MTF,DBFTFB,'3605449260570512195
2022-05-25 08:17:32.990000,FR0011486067,Corporate bond,DIRECTION GENERALE DU TRESOR,1.75,2023-05-25,100000,EUR,101.768,PERC,,TWEM,TWEM,TRADEWEB,1,D2C,MTF,DBFTFB,'3605449260570510259
2022-05-24 15:15:13.387000,FR0011486067,Corporate bond,DIRECTION GENERALE DU TRESOR,1.75,2023-05-25,500000,EUR,101.729,PERC,,TWEM,TWEM,TRADEWEB,1,D2C,MTF,DBFTFB,'3605448161058886808
2022-05-24 15:14:12.875000,FR0011486067,Corporate bond,DIRECTION GENERALE DU TRESOR,1.75,2023-05-25,200000,EUR,101.745,PERC,,TWEM,TWEM,TRADEWEB,1,D2C,MTF,DBFTFB,'3605448161058886750
2022-05-24 15:01:16.127000,FR0011486067,Corporate bond,DIRECTION GENERALE DU TRESOR,1.75,2023-05-25,50000,EUR,101.727,PERC,,TWEM,TWEM,TRADEWEB,1,D2C,MTF,DBFTFB,'3605448161058886521
2022-05-24 14:06:55.261000,FR0011486067,Corporate bond,DIRECTION GENERALE DU TRESOR,1.75,2023-05-25,50000,EUR,101.734,PERC,,TWEM,TWEM,TRADEWEB,1,D2C,MTF,DBFTFB,'3605448161058885939
2022-05-24 12:16:53.825000,FR0011486067,Corporate bond,DIRECTION GENERALE DU TRESOR,1.75,2023-05-25,300000,EUR,101.741,PERC,,TWEM,TWEM,TRADEWEB,1,D2C,MTF,DBFTFB,'3605448161058884729
2022-05-24 10:53:06.799000,FR0011486067,Corporate bond,DIRECTION GENERALE DU TRESOR,1.75,2023-05-25,30224,EUR,101.735,PERC,,TWEM,TWEM,TRADEWEB,1,D2C,MTF,DBFTFB,'3605448161058884105
2022-05-24 10:53:05.705000,FR0011486067,Corporate bond,DIRECTION GENERALE DU TRESOR,1.75,2023-05-25,165223,EUR,101.738,PERC,,TWEM,TWEM,TRADEWEB,1,D2C,MTF,DBFTFB,'3605448161058884101
2022-05-24 09:46:07.141000,FR0011486067,Corporate bond,DIRECTION GENERALE DU TRESOR,1.75,2023-05-25,6975,EUR,101.737,PERC,,TWEM,TWEM,TRADEWEB,1,D2C,MTF,DBFTFB,'3605448161058883457
2022-05-24 09:20:39.478000,FR0011486067,Corporate bond,DIRECTION GENERALE DU TRESOR,1.75,2023-05-25,6630,EUR,101.747,PERC,,TWEM,TWEM,TRADEWEB,1,D2C,MTF,DBFTFB,'3605448161058883130
2022-05-24 09:20:38.550000,FR0011486067,Corporate bond,DIRECTION GENERALE DU TRESOR,1.75,2023-05-25,916,EUR,101.747,PERC,,TWEM,TWEM,TRADEWEB,1,D2C,MTF,DBFTFB,'3605448161058883127
2022-05-24 08:05:38.211000,FR0011486067,Corporate bond,DIRECTION GENERALE DU TRESOR,1.75,2023-05-25,79000,EUR,101.762,PERC,,TWEM,TWEM,TRADEWEB,1,D2C,MTF,DBFTFB,'3605448161058882270
2022-05-24 05:03:45.000000,FR0011486067,Corporate bond,DIRECTION GENERALE DU TRESOR,1.75,2023-05-25,56400000,EUR,101.779067,PERC,IDAF,TWEM,TWEM,TRADEWEB,3,D2C,MTF,DBFTFB,'7208327862955278801
2022-05-23 14:31:23.900000,FR0011486067,Corporate bond,DIRECTION GENERALE DU TRESOR,1.75,2023-05-25,1500000,EUR,101.77,PERC,,TWEM,TWEM,TRADEWEB,1,D2C,MTF,DBFTFB,'3605447061547258494
2022-05-23 09:10:02.456000,FR0011486067,Corporate bond,DIRECTION GENERALE DU TRESOR,1.75,2023-05-25,1201,EUR,101.784,PERC,,TWEM,TWEM,TRADEWEB,1,D2C,MTF,DBFTFB,'3605447061547255185
2022-05-23 09:09:55.264000,FR0011486067,Corporate bond,DIRECTION GENERALE DU TRESOR,1.75,2023-05-25,57510,EUR,101.767,PERC,,TWEM,TWEM,TRADEWEB,1,D2C,MTF,DBFTFB,'3605447061547255175
2022-05-23 08:20:56.744000,FR0011486067,Corporate bond,DIRECTION GENERALE DU TRESOR,1.75,2023-05-25,2762,EUR,101.802,PERC,,TWEM,TWEM,TRADEWEB,1,D2C,MTF,DBFTFB,'3605447061547254475
2022-05-20 15:14:06.785000,FR0011486067,Corporate bond,DIRECTION GENERALE DU TRESOR,1.75,2023-05-25,99000,EUR,101.803,PERC,,TWEM,TWEM,TRADEWEB,1,D2C,MTF,DBFTFB,'3605443763012375742
2022-05-20 15:14:03.787000,FR0011486067,Corporate bond,DIRECTION GENERALE DU TRESOR,1.75,2023-05-25,200000,EUR,101.8,PERC,,TWEM,TWEM,TRADEWEB,1,D2C,MTF,DBFTFB,'3605443763012375733
2022-05-20 14:13:59.304000,FR0011486067,Corporate bond,DIRECTION GENERALE DU TRESOR,1.75,2023-05-25,29783,EUR,101.785,PERC,,TWEM,TWEM,TRADEWEB,1,D2C,MTF,DBFTFB,'3605443763012375136
2022-05-20 10:33:39.061000,FR0011486067,Corporate bond,DIRECTION GENERALE DU TRESOR,1.75,2023-05-25,1089,EUR,101.792,PERC,,TWEM,TWEM,TRADEWEB,1,D2C,MTF,DBFTFB,'3605443763012373301
2022-05-19 14:22:49.671000,FR0011486067,Corporate bond,DIRECTION GENERALE DU TRESOR,1.75,2023-05-25,1200000,EUR,101.823,PERC,,TWEM,TWEM,TRADEWEB,1,D2C,MTF,DBFTFB,'3605442663500747405
2022-05-19 10:26:39.106000,FR0011486067,Corporate bond,DIRECTION GENERALE DU TRESOR,1.75,2023-05-25,2762,EUR,101.817,PERC,,TWEM,TWEM,TRADEWEB,1,D2C,MTF,DBFTFB,'3605442663500745143
2022-05-18 15:14:21.353000,FR0011486067,Corporate bond,DIRECTION GENERALE DU TRESOR,1.75,2023-05-25,100000,EUR,101.842,PERC,,TWEM,TWEM,TRADEWEB,1,D2C,MTF,DBFTFB,'3605441563989119941
2022-05-18 14:50:56.567000,FR0011486067,Corporate bond,DIRECTION GENERALE DU TRESOR,1.75,2023-05-25,430000,EUR,101.853,PERC,,TWEM,TWEM,TRADEWEB,1,D2C,MTF,DBFTFB,'3605441563989119552
2022-05-18 10:50:48.214000,FR0011486067,Corporate bond,DIRECTION GENERALE DU TRESOR,1.75,2023-05-25,5452,EUR,101.828,PERC,,TWEM,TWEM,TRADEWEB,1,D2C,MTF,DBFTFB,'3605441563989117251
2022-05-18 10:50:38.261000,FR0011486067,Corporate bond,DIRECTION GENERALE DU TRESOR,1.75,2023-05-25,10101,EUR,101.821,PERC,,TWEM,TWEM,TRADEWEB,1,D2C,MTF,DBFTFB,'3605441563989117234
2022-05-17 15:15:49.881000,FR0011486067,Corporate bond,DIRECTION GENERALE DU TRESOR,1.75,2023-05-25,131000,EUR,101.855,PERC,,TWEM,TWEM,TRADEWEB,1,D2C,MTF,DBFTFB,'3605440464477492736
2022-05-17 15:14:06.057000,FR0011486067,Corporate bond,DIRECTION GENERALE DU TRESOR,1.75,2023-05-25,80000,EUR,101.863,PERC,,TWEM,TWEM,TRADEWEB,1,D2C,MTF,DBFTFB,'3605440464477492648
2022-05-17 13:27:24.697000,FR0011486067,Corporate bond,DIRECTION GENERALE DU TRESOR,1.75,2023-05-25,2000,EUR,101.861,PERC,,TWEM,TWEM,TRADEWEB,1,D2C,MTF,DBFTFB,'3605440464477490997
2022-05-17 13:20:57.602000,FR0011486067,Corporate bond,DIRECTION GENERALE DU TRESOR,1.75,2023-05-25,32248,EUR,101.873,PERC,,TWEM,TWEM,TRADEWEB,1,D2C,MTF,DBFTFB,'3605440464477490737
2022-05-17 10:33:29.097000,FR0011486067,Corporate bond,DIRECTION GENERALE DU TRESOR,1.75,2023-05-25,400000,EUR,101.877,PERC,,TWEM,TWEM,TRADEWEB,1,D2C,MTF,DBFTFB,'3605440464477489263
2022-05-17 08:29:12.131000,FR0011486067,Corporate bond,DIRECTION GENERALE DU TRESOR,1.75,2023-05-25,14065,EUR,101.903,PERC,,TWEM,TWEM,TRADEWEB,1,D2C,MTF,DBFTFB,'3605440464477487977
2022-05-17 08:22:43.937000,FR0011486067,Corporate bond,DIRECTION GENERALE DU TRESOR,1.75,2023-05-25,2189,EUR,101.923,PERC,,TWEM,TWEM,TRADEWEB,1,D2C,MTF,DBFTFB,'3605440464477487869
2022-05-17 08:22:39.915000,FR0011486067,Corporate bond,DIRECTION GENERALE DU TRESOR,1.75,2023-05-25,2901,EUR,101.911,PERC,,TWEM,TWEM,TRADEWEB,1,D2C,MTF,DBFTFB,'3605440464477487860
2022-05-17 05:03:33.000000,FR0011486067,Corporate bond,DIRECTION GENERALE DU TRESOR,1.75,2023-05-25,8500000,EUR,101.938118,PERC,IDAF,TWEM,TWEM,TRADEWEB,2,D2C,MTF,DBFTFB,'7208320166373884536
2022-05-16 12:17:09.558000,FR0011486067,Corporate bond,DIRECTION GENERALE DU TRESOR,1.75,2023-05-25,5213,EUR,101.929,PERC,,TWEM,TWEM,TRADEWEB,1,D2C,MTF,DBFTFB,'3605439364965862556
2022-05-16 09:59:21.191000,FR0011486067,Corporate bond,DIRECTION GENERALE DU TRESOR,1.75,2023-05-25,194,EUR,101.927,PERC,,TWEM,TWEM,TRADEWEB,1,D2C,MTF,DBFTFB,'3605439364965861476
2022-05-16 09:15:53.102000,FR0011486067,Corporate bond,DIRECTION GENERALE DU TRESOR,1.75,2023-05-25,166000,EUR,101.941,PERC,,TWEM,TWEM,TRADEWEB,1,D2C,MTF,DBFTFB,'3605439364965860795
2022-05-16 09:02:58.755000,FR0011486067,Corporate bond,DIRECTION GENERALE DU TRESOR,1.75,2023-05-25,5539,EUR,101.934,PERC,,TWEM,TWEM,TRADEWEB,1,D2C,MTF,DBFTFB,'3605439364965860618
2022-05-16 09:02:54.850000,FR0011486067,Corporate bond,DIRECTION GENERALE DU TRESOR,1.75,2023-05-25,3411,EUR,101.949,PERC,,TWEM,TWEM,TRADEWEB,1,D2C,MTF,DBFTFB,'3605439364965860613
2022-05-13 15:15:05.048000,FR0011486067,Corporate bond,DIRECTION GENERALE DU TRESOR,1.75,2023-05-25,90000,EUR,101.965,PERC,,TWEM,TWEM,TRADEWEB,1,D2C,MTF,DBFTFB,'3605436066430981588
2022-05-13 14:11:37.272000,FR0011486067,Corporate bond,DIRECTION GENERALE DU TRESOR,1.75,2023-05-25,300000,EUR,101.953,PERC,,TWEM,TWEM,TRADEWEB,1,D2C,MTF,DBFTFB,'3605436066430980710
2022-05-13 14:05:51.954000,FR0011486067,Corporate bond,DIRECTION GENERALE DU TRESOR,1.75,2023-05-25,800000,EUR,101.94,PERC,,TWEM,TWEM,TRADEWEB,1,D2C,MTF,DBFTFB,'3605436066430980674
2022-05-13 12:53:26.974000,FR0011486067,Corporate bond,DIRECTION GENERALE DU TRESOR,1.75,2023-05-25,27000,EUR,101.983,PERC,,TWEM,TWEM,TRADEWEB,1,D2C,MTF,DBFTFB,'3605436066430979954
2022-05-13 10:12:10.038000,FR0011486067,Corporate bond,DIRECTION GENERALE DU TRESOR,1.75,2023-05-25,1000,EUR,102.001,PERC,,TWEM,TWEM,TRADEWEB,1,D2C,MTF,DBFTFB,'3605436066430978223
2022-05-13 09:17:36.803000,FR0011486067,Corporate bond,DIRECTION GENERALE DU TRESOR,1.75,2023-05-25,1548,EUR,101.982,PERC,,TWEM,TWEM,TRADEWEB,1,D2C,MTF,DBFTFB,'3605436066430977626
2022-05-13 09:02:11.764000,FR0011486067,Corporate bond,DIRECTION GENERALE DU TRESOR,1.75,2023-05-25,1500000,EUR,101.988,PERC,,TWEM,TWEM,TRADEWEB,1,D2C,MTF,DBFTFB,'3605436066430977409
2022-05-13 08:34:21.628000,FR0011486067,Corporate bond,DIRECTION GENERALE DU TRESOR,1.75,2023-05-25,9916,EUR,101.996,PERC,,TWEM,TWEM,TRADEWEB,1,D2C,MTF,DBFTFB,'3605436066430976998
2022-05-13 08:34:17.803000,FR0011486067,Corporate bond,DIRECTION GENERALE DU TRESOR,1.75,2023-05-25,7279,EUR,101.988,PERC,,TWEM,TWEM,TRADEWEB,1,D2C,MTF,DBFTFB,'3605436066430976991
2022-05-12 15:13:23.953000,FR0011486067,Corporate bond,DIRECTION GENERALE DU TRESOR,1.75,2023-05-25,206000,EUR,102.002,PERC,,TWEM,TWEM,TRADEWEB,1,D2C,MTF,DBFTFB,'3605434966919354308
2022-05-12 15:13:21.345000,FR0011486067,Corporate bond,DIRECTION GENERALE DU TRESOR,1.75,2023-05-25,150000,EUR,102,PERC,,TWEM,TWEM,TRADEWEB,1,D2C,MTF,DBFTFB,'3605434966919354300
2022-05-12 11:27:03.165000,FR0011486067,Corporate bond,DIRECTION GENERALE DU TRESOR,1.75,2023-05-25,390000,EUR,102.008,PERC,,TWEM,TWEM,TRADEWEB,1,D2C,MTF,DBFTFB,'3605434966919351364
2022-05-12 07:41:54.219000,FR0011486067,Corporate bond,DIRECTION GENERALE DU TRESOR,1.75,2023-05-25,9224,EUR,102.002,PERC,,TWEM,TWEM,TRADEWEB,1,D2C,MTF,DBFTFB,'3605434966919348702
2022-05-11 15:14:11.565000,FR0011486067,Corporate bond,DIRECTION GENERALE DU TRESOR,1.75,2023-05-25,200000,EUR,101.959,PERC,,TWEM,TWEM,TRADEWEB,1,D2C,MTF,DBFTFB,'3605433867407726614
2022-05-11 15:13:13.352000,FR0011486067,Corporate bond,DIRECTION GENERALE DU TRESOR,1.75,2023-05-25,250000,EUR,101.957,PERC,,TWEM,TWEM,TRADEWEB,1,D2C,MTF,DBFTFB,'3605433867407726455
2022-05-11 10:38:14.898000,FR0011486067,Corporate bond,DIRECTION GENERALE DU TRESOR,1.75,2023-05-25,291473,EUR,101.983,PERC,,TWEM,TWEM,TRADEWEB,1,D2C,MTF,DBFTFB,'3605433867407723058
2022-05-11 09:41:11.967000,FR0011486067,Corporate bond,DIRECTION GENERALE DU TRESOR,1.75,2023-05-25,634,EUR,101.968,PERC,,TWEM,TWEM,TRADEWEB,1,D2C,MTF,DBFTFB,'3605433867407722446
2022-05-11 09:41:07.857000,FR0011486067,Corporate bond,DIRECTION GENERALE DU TRESOR,1.75,2023-05-25,42510,EUR,101.984,PERC,,TWEM,TWEM,TRADEWEB,1,D2C,MTF,DBFTFB,'3605433867407722438
2022-05-11 09:22:36.528000,FR0011486067,Corporate bond,DIRECTION GENERALE DU TRESOR,1.75,2023-05-25,930000,EUR,101.981,PERC,,TWEM,TWEM,TRADEWEB,1,D2C,MTF,DBFTFB,'3605433867407722241
2022-05-10 15:39:50.493000,FR0011486067,Corporate bond,DIRECTION GENERALE DU TRESOR,1.75,2023-05-25,135000,EUR,101.953,PERC,,TWEM,TWEM,TRADEWEB,1,D2C,MTF,DBFTFB,'3605432767896099641
2022-05-10 15:15:44.367000,FR0011486067,Corporate bond,DIRECTION GENERALE DU TRESOR,1.75,2023-05-25,9000,EUR,101.963,PERC,,TWEM,TWEM,TRADEWEB,1,D2C,MTF,DBFTFB,'3605432767896099364
2022-05-10 15:14:13.342000,FR0011486067,Corporate bond,DIRECTION GENERALE DU TRESOR,1.75,2023-05-25,650000,EUR,101.96,PERC,,TWEM,TWEM,TRADEWEB,1,D2C,MTF,DBFTFB,'3605432767896099156
2022-05-10 13:45:12.303000,FR0011486067,Corporate bond,DIRECTION GENERALE DU TRESOR,1.75,2023-05-25,15000,EUR,101.978,PERC,,TWEM,TWEM,TRADEWEB,1,D2C,MTF,DBFTFB,'3605432767896097541
2022-05-10 09:50:03.048000,FR0011486067,Corporate bond,DIRECTION GENERALE DU TRESOR,1.75,2023-05-25,37000,EUR,101.966,PERC,,TWEM,TWEM,TRADEWEB,1,D2C,MTF,DBFTFB,'3605432767896095051
2022-05-10 08:16:42.710000,FR0011486067,Corporate bond,DIRECTION GENERALE DU TRESOR,1.75,2023-05-25,799,EUR,101.939,PERC,,TWEM,TWEM,TRADEWEB,1,D2C,MTF,DBFTFB,'3605432767896093711
2022-05-10 05:03:45.000000,FR0011486067,Corporate bond,DIRECTION GENERALE DU TRESOR,1.75,2023-05-25,127048000,EUR,101.966485,PERC,IDAF,TWEM,TWEM,TRADEWEB,8,D2C,MTF,DBFTFB,'7208312469792489978
2022-05-09 12:21:40.223000,FR0011486067,Corporate bond,DIRECTION GENERALE DU TRESOR,1.75,2023-05-25,800000,EUR,101.921,PERC,,TWEM,TWEM,TRADEWEB,1,D2C,MTF,DBFTFB,'3605431668384468690
2022-05-09 07:42:48.212000,FR0011486067,Corporate bond,DIRECTION GENERALE DU TRESOR,1.75,2023-05-25,23754,EUR,101.921,PERC,,TWEM,TWEM,TRADEWEB,1,D2C,MTF,DBFTFB,'3605431668384465473
2022-05-09 07:42:44.276000,FR0011486067,Corporate bond,DIRECTION GENERALE DU TRESOR,1.75,2023-05-25,40812,EUR,101.923,PERC,,TWEM,TWEM,TRADEWEB,1,D2C,MTF,DBFTFB,'3605431668384465464
2022-05-06 15:52:09.350000,FR0011486067,Corporate bond,DIRECTION GENERALE DU TRESOR,1.75,2023-05-25,200000,EUR,101.919,PERC,,TWEM,TWEM,TRADEWEB,1,D2C,MTF,DBFTFB,'3605428369849595700
2022-05-06 10:49:51.628000,FR0011486067,Corporate bond,DIRECTION GENERALE DU TRESOR,1.75,2023-05-25,1000,EUR,101.94,PERC,,TWEM,TWEM,TRADEWEB,1,D2C,MTF,DBFTFB,'3605428369849588424
2022-05-06 09:10:31.305000,FR0011486067,Corporate bond,DIRECTION GENERALE DU TRESOR,1.75,2023-05-25,11522,EUR,101.935,PERC,,TWEM,TWEM,TRADEWEB,1,D2C,MTF,DBFTFB,'3605428369849585915
2022-05-06 09:09:25.256000,FR0011486067,Corporate bond,DIRECTION GENERALE DU TRESOR,1.75,2023-05-25,23763,EUR,101.935,PERC,,TWEM,TWEM,TRADEWEB,1,D2C,MTF,DBFTFB,'3605428369849585893
2022-05-05 15:14:38.260000,FR0011486067,Corporate bond,DIRECTION GENERALE DU TRESOR,1.75,2023-05-25,330000,EUR,101.971,PERC,,TWEM,TWEM,TRADEWEB,1,D2C,MTF,DBFTFB,'3605427270337958886
2022-05-05 13:24:59.791000,FR0011486067,Corporate bond,DIRECTION GENERALE DU TRESOR,1.75,2023-05-25,133000,EUR,102.025,PERC,,TWEM,TWEM,TRADEWEB,1,D2C,MTF,DBFTFB,'3605427270337957445
2022-05-05 10:02:29.797000,FR0011486067,Corporate bond,DIRECTION GENERALE DU TRESOR,1.75,2023-05-25,68395,EUR,101.985,PERC,,TWEM,TWEM,TRADEWEB,1,D2C,MTF,DBFTFB,'3605427270337955825
2022-05-05 08:39:00.829000,FR0011486067,Corporate bond,DIRECTION GENERALE DU TRESOR,1.75,2023-05-25,7783,EUR,101.97,PERC,,TWEM,TWEM,TRADEWEB,1,D2C,MTF,DBFTFB,'3605427270337954863
2022-05-05 08:38:57.878000,FR0011486067,Corporate bond,DIRECTION GENERALE DU TRESOR,1.75,2023-05-25,327,EUR,101.952,PERC,,TWEM,TWEM,TRADEWEB,1,D2C,MTF,DBFTFB,'3605427270337954854
2022-05-04 15:04:00.238000,FR0011486067,Corporate bond,DIRECTION GENERALE DU TRESOR,1.75,2023-05-25,43173,EUR,101.966,PERC,,TWEM,TWEM,TRADEWEB,1,D2C,MTF,DBFTFB,'3605426170826330534
2022-05-04 08:33:07.502000,FR0011486067,Corporate bond,DIRECTION GENERALE DU TRESOR,1.75,2023-05-25,4453,EUR,101.975,PERC,,TWEM,TWEM,TRADEWEB,1,D2C,MTF,DBFTFB,'3605426170826326877
2022-05-04 08:33:04.502000,FR0011486067,Corporate bond,DIRECTION GENERALE DU TRESOR,1.75,2023-05-25,15288,EUR,101.992,PERC,,TWEM,TWEM,TRADEWEB,1,D2C,MTF,DBFTFB,'3605426170826326867
2022-05-03 15:16:59.167000,FR0011486067,Corporate bond,DIRECTION GENERALE DU TRESOR,1.75,2023-05-25,1197000,EUR,102.006,PERC,,TWEM,TWEM,TRADEWEB,1,D2C,MTF,DBFTFB,'3605425071314703572
2022-05-03 15:14:14.337000,FR0011486067,Corporate bond,DIRECTION GENERALE DU TRESOR,1.75,2023-05-25,70000,EUR,102.008,PERC,,TWEM,TWEM,TRADEWEB,1,D2C,MTF,DBFTFB,'3605425071314703356
2022-05-03 14:51:52.828000,FR0011486067,Corporate bond,DIRECTION GENERALE DU TRESOR,1.75,2023-05-25,1522,EUR,102,PERC,,TWEM,TWEM,TRADEWEB,1,D2C,MTF,DBFTFB,'3605425071314702991
2022-05-03 14:30:15.927000,FR0011486067,Corporate bond,DIRECTION GENERALE DU TRESOR,1.75,2023-05-25,106355,EUR,102.02,PERC,,TWEM,TWEM,TRADEWEB,1,D2C,MTF,DBFTFB,'3605425071314702826
2022-05-03 14:25:06.954000,FR0011486067,Corporate bond,DIRECTION GENERALE DU TRESOR,1.75,2023-05-25,700000,EUR,102.019,PERC,,TWEM,TWEM,TRADEWEB,1,D2C,MTF,DBFTFB,'3605425071314702786
2022-05-03 13:39:10.471000,FR0011486067,Corporate bond,DIRECTION GENERALE DU TRESOR,1.75,2023-05-25,1000000,EUR,102.024,PERC,,TWEM,TWEM,TRADEWEB,1,D2C,MTF,DBFTFB,'3605425071314702250
2022-05-03 13:28:32.892000,FR0011486067,Corporate bond,DIRECTION GENERALE DU TRESOR,1.75,2023-05-25,500000,EUR,102.023,PERC,,TWEM,TWEM,TRADEWEB,1,D2C,MTF,DBFTFB,'3605425071314702130
2022-05-03 08:47:53.488000,FR0011486067,Corporate bond,DIRECTION GENERALE DU TRESOR,1.75,2023-05-25,2291,EUR,101.982,PERC,,TWEM,TWEM,TRADEWEB,1,D2C,MTF,DBFTFB,'3605425071314699648
2022-05-03 07:49:52.034000,FR0011486067,Corporate bond,DIRECTION GENERALE DU TRESOR,1.75,2023-05-25,1600000,EUR,101.969,PERC,,TWEM,TWEM,TRADEWEB,1,D2C,MTF,DBFTFB,'3605425071314698915
2022-05-03 07:29:34.399000,FR0011486067,Corporate bond,DIRECTION GENERALE DU TRESOR,1.75,2023-05-25,900000,EUR,101.974,PERC,,TWEM,TWEM,TRADEWEB,1,D2C,MTF,DBFTFB,'3605425071314698684
2022-05-03 05:03:04.000000,FR0011486067,Corporate bond,DIRECTION GENERALE DU TRESOR,1.75,2023-05-25,85662450,EUR,102.034283,PERC,IDAF,TWEM,TWEM,TRADEWEB,7,D2C,MTF,DBFTFB,'7208304773211095589
2022-05-02 15:28:40.431000,FR0011486067,Corporate bond,DIRECTION GENERALE DU TRESOR,1.75,2023-05-25,56000,EUR,102.005,PERC,,TWEM,TWEM,TRADEWEB,1,D2C,MTF,DBFTFB,'3605423971803075117
2022-05-02 11:00:35.444000,FR0011486067,Corporate bond,DIRECTION GENERALE DU TRESOR,1.75,2023-05-25,1051000,EUR,102.016,PERC,,TWEM,TWEM,TRADEWEB,1,D2C,MTF,DBFTFB,'3605423971803072854
2022-05-02 10:33:21.814000,FR0011486067,Corporate bond,DIRECTION GENERALE DU TRESOR,1.75,2023-05-25,1000,EUR,102.022,PERC,,TWEM,TWEM,TRADEWEB,1,D2C,MTF,DBFTFB,'3605423971803072486
2022-05-02 10:04:20.509000,FR0011486067,Corporate bond,DIRECTION GENERALE DU TRESOR,1.75,2023-05-25,160000,EUR,102.014,PERC,,TWEM,TWEM,TRADEWEB,1,D2C,MTF,DBFTFB,'3605423971803072304
2022-05-02 08:54:47.422000,FR0011486067,Corporate bond,DIRECTION GENERALE DU TRESOR,1.75,2023-05-25,2590,EUR,101.995,PERC,,TWEM,TWEM,TRADEWEB,1,D2C,MTF,DBFTFB,'3605423971803071491
2022-05-02 07:50:04.516000,FR0011486067,Corporate bond,DIRECTION GENERALE DU TRESOR,1.75,2023-05-25,1511000,EUR,101.993,PERC,,TWEM,TWEM,TRADEWEB,1,D2C,MTF,DBFTFB,'3605423971803070944
2022-04-29 15:39:29.785000,FR0011486067,Corporate bond,DIRECTION GENERALE DU TRESOR,1.75,2023-05-25,296000,EUR,102.002,PERC,,TWEM,TWEM,TRADEWEB,1,D2C,MTF,DBFTFB,'3605420673268194588
2022-04-29 15:37:51.660000,FR0011486067,Corporate bond,DIRECTION GENERALE DU TRESOR,1.75,2023-05-25,2000,EUR,101.981,PERC,,TWEM,TWEM,TRADEWEB,1,D2C,MTF,DBFTFB,'3605420673268194533
2022-04-29 15:34:54.872000,FR0011486067,Corporate bond,DIRECTION GENERALE DU TRESOR,1.75,2023-05-25,1055000,EUR,102,PERC,,TWEM,TWEM,TRADEWEB,1,D2C,MTF,DBFTFB,'3605420673268194378
2022-04-29 15:34:46.478000,FR0011486067,Corporate bond,DIRECTION GENERALE DU TRESOR,1.75,2023-05-25,5000,EUR,102.006,PERC,,TWEM,TWEM,TRADEWEB,1,D2C,MTF,DBFTFB,'3605420673268194367
2022-04-29 15:32:18.797000,FR0011486067,Corporate bond,DIRECTION GENERALE DU TRESOR,1.75,2023-05-25,129000,EUR,101.994,PERC,,TWEM,TWEM,TRADEWEB,1,D2C,MTF,DBFTFB,'3605420673268193987
2022-04-29 15:26:42.076000,FR0011486067,Corporate bond,DIRECTION GENERALE DU TRESOR,1.75,2023-05-25,228000,EUR,101.998,PERC,,TWEM,TWEM,TRADEWEB,1,D2C,MTF,DBFTFB,'3605420673268193562
2022-04-29 15:21:57.609000,FR0011486067,Corporate bond,DIRECTION GENERALE DU TRESOR,1.75,2023-05-25,10000,EUR,101.985,PERC,,TWEM,TWEM,TRADEWEB,1,D2C,MTF,DBFTFB,'3605420673268193109
2022-04-29 15:13:56.022000,FR0011486067,Corporate bond,DIRECTION GENERALE DU TRESOR,1.75,2023-05-25,250000,EUR,101.991,PERC,,TWEM,TWEM,TRADEWEB,1,D2C,MTF,DBFTFB,'3605420673268192192
2022-04-29 15:12:50.995000,FR0011486067,Corporate bond,DIRECTION GENERALE DU TRESOR,1.75,2023-05-25,225000,EUR,101.998,PERC,,TWEM,TWEM,TRADEWEB,1,D2C,MTF,DBFTFB,'3605420673268192001
2022-04-29 15:12:13.212000,FR0011486067,Corporate bond,DIRECTION GENERALE DU TRESOR,1.75,2023-05-25,55000,EUR,102.004,PERC,,TWEM,TWEM,TRADEWEB,1,D2C,MTF,DBFTFB,'3605420673268191859
2022-04-29 15:12:12.615000,FR0011486067,Corporate bond,DIRECTION GENERALE DU TRESOR,1.75,2023-05-25,44000,EUR,101.998,PERC,,TWEM,TWEM,TRADEWEB,1,D2C,MTF,DBFTFB,'3605420673268191858
2022-04-29 15:11:42.010000,FR0011486067,Corporate bond,DIRECTION GENERALE DU TRESOR,1.75,2023-05-25,800000,EUR,101.999,PERC,,TWEM,TWEM,TRADEWEB,1,D2C,MTF,DBFTFB,'3605420673268191818
2022-04-29 15:11:15.630000,FR0011486067,Corporate bond,DIRECTION GENERALE DU TRESOR,1.75,2023-05-25,6000,EUR,102.004,PERC,,TWEM,TWEM,TRADEWEB,1,D2C,MTF,DBFTFB,'3605420673268191791
2022-04-29 15:11:07.957000,FR0011486067,Corporate bond,DIRECTION GENERALE DU TRESOR,1.75,2023-05-25,49000,EUR,102.004,PERC,,TWEM,TWEM,TRADEWEB,1,D2C,MTF,DBFTFB,'3605420673268191767
2022-04-29 14:55:09.431000,FR0011486067,Corporate bond,DIRECTION GENERALE DU TRESOR,1.75,2023-05-25,300000,EUR,101.995,PERC,,TWEM,TWEM,TRADEWEB,1,D2C,MTF,DBFTFB,'3605420673268191553
2022-04-29 14:38:10.838000,FR0011486067,Corporate bond,DIRECTION GENERALE DU TRESOR,1.75,2023-05-25,1000000,EUR,102.011,PERC,,TWEM,TWEM,TRADEWEB,1,D2C,MTF,DBFTFB,'3605420673268191397
2022-04-29 14:12:55.178000,FR0011486067,Corporate bond,DIRECTION GENERALE DU TRESOR,1.75,2023-05-25,90300,EUR,102.013,PERC,,TWEM,TWEM,TRADEWEB,1,D2C,MTF,DBFTFB,'3605420673268191192
2022-04-29 10:14:02.960000,FR0011486067,Corporate bond,DIRECTION GENERALE DU TRESOR,1.75,2023-05-25,5350,EUR,101.998,PERC,,TWEM,TWEM,TRADEWEB,1,D2C,MTF,DBFTFB,'3605420673268189031
2022-04-29 08:11:32.880000,FR0011486067,Corporate bond,DIRECTION GENERALE DU TRESOR,1.75,2023-05-25,1009,EUR,102.02,PERC,,TWEM,TWEM,TRADEWEB,1,D2C,MTF,DBFTFB,'3605420673268187763
2022-04-29 08:11:29.723000,FR0011486067,Corporate bond,DIRECTION GENERALE DU TRESOR,1.75,2023-05-25,26306,EUR,102.006,PERC,,TWEM,TWEM,TRADEWEB,1,D2C,MTF,DBFTFB,'3605420673268187757
2022-04-28 15:54:13.977000,FR0011486067,Corporate bond,DIRECTION GENERALE DU TRESOR,1.75,2023-05-25,198000,EUR,102.029,PERC,,TWEM,TWEM,TRADEWEB,1,D2C,MTF,DBFTFB,'3605419573756564288
2022-04-28 15:13:05.815000,FR0011486067,Corporate bond,DIRECTION GENERALE DU TRESOR,1.75,2023-05-25,3000,EUR,102.04,PERC,,TWEM,TWEM,TRADEWEB,1,D2C,MTF,DBFTFB,'3605419573756563702
2022-04-28 14:07:14.756000,FR0011486067,Corporate bond,DIRECTION GENERALE DU TRESOR,1.75,2023-05-25,35672,EUR,102.046,PERC,,TWEM,TWEM,TRADEWEB,1,D2C,MTF,DBFTFB,'3605419573756562998
2022-04-28 12:17:27.887000,FR0011486067,Corporate bond,DIRECTION GENERALE DU TRESOR,1.75,2023-05-25,21000,EUR,102.063,PERC,,TWEM,TWEM,TRADEWEB,1,D2C,MTF,DBFTFB,'3605419573756561923
2022-04-28 08:47:27.419000,FR0011486067,Corporate bond,DIRECTION GENERALE DU TRESOR,1.75,2023-05-25,158,EUR,102.088,PERC,,TWEM,TWEM,TRADEWEB,1,D2C,MTF,DBFTFB,'3605419573756560170
2022-04-28 08:47:25.346000,FR0011486067,Corporate bond,DIRECTION GENERALE DU TRESOR,1.75,2023-05-25,54110,EUR,102.096,PERC,,TWEM,TWEM,TRADEWEB,1,D2C,MTF,DBFTFB,'3605419573756560166
2022-04-27 15:15:06.330000,FR0011486067,Corporate bond,DIRECTION GENERALE DU TRESOR,1.75,2023-05-25,223000,EUR,102.117,PERC,,TWEM,TWEM,TRADEWEB,1,D2C,MTF,DBFTFB,'3605418474244936242
2022-04-27 10:20:22.522000,FR0011486067,Corporate bond,DIRECTION GENERALE DU TRESOR,1.75,2023-05-25,2021,EUR,102.095,PERC,,TWEM,TWEM,TRADEWEB,1,D2C,MTF,DBFTFB,'3605418474244933503
2022-04-27 09:56:36.547000,FR0011486067,Corporate bond,DIRECTION GENERALE DU TRESOR,1.75,2023-05-25,46425,EUR,102.084,PERC,,TWEM,TWEM,TRADEWEB,1,D2C,MTF,DBFTFB,'3605418474244933376
2022-04-26 14:49:58.351000,FR0011486067,Corporate bond,DIRECTION GENERALE DU TRESOR,1.75,2023-05-25,470000,EUR,102.119,PERC,,TWEM,TWEM,TRADEWEB,1,D2C,MTF,DBFTFB,'3605417374733308045
2022-04-26 09:25:43.702000,FR0011486067,Corporate bond,DIRECTION GENERALE DU TRESOR,1.75,2023-05-25,10585,EUR,102.106,PERC,,TWEM,TWEM,TRADEWEB,1,D2C,MTF,DBFTFB,'3605417374733305080
2022-04-26 05:03:16.000000,FR0011486067,Corporate bond,DIRECTION GENERALE DU TRESOR,1.75,2023-05-25,19000000,EUR,102.122947,PERC,IDAF,TWEM,TWEM,TRADEWEB,4,D2C,MTF,DBFTFB,'7208297076629701095
2022-04-25 12:01:33.233000,FR0011486067,Corporate bond,DIRECTION GENERALE DU TRESOR,1.75,2023-05-25,1650000,EUR,102.064,PERC,,TWEM,TWEM,TRADEWEB,1,D2C,MTF,DBFTFB,'3605416275221677623
2022-04-25 10:15:38.568000,FR0011486067,Corporate bond,DIRECTION GENERALE DU TRESOR,1.75,2023-05-25,2000,EUR,102.066,PERC,,TWEM,TWEM,TRADEWEB,1,D2C,MTF,DBFTFB,'3605416275221677092
2022-04-22 12:14:03.893000,FR0011486067,Corporate bond,DIRECTION GENERALE DU TRESOR,1.75,2023-05-25,5000,EUR,102.079,PERC,,TWEM,TWEM,TRADEWEB,1,D2C,MTF,DBFTFB,'3605412976686795507
2022-04-22 08:39:03.788000,FR0011486067,Corporate bond,DIRECTION GENERALE DU TRESOR,1.75,2023-05-25,10878,EUR,102.083,PERC,,TWEM,TWEM,TRADEWEB,1,D2C,MTF,DBFTFB,'3605412976686793495
2022-04-22 08:38:53.783000,FR0011486067,Corporate bond,DIRECTION GENERALE DU TRESOR,1.75,2023-05-25,25852,EUR,102.066,PERC,,TWEM,TWEM,TRADEWEB,1,D2C,MTF,DBFTFB,'3605412976686793484
2022-04-21 15:07:01.603000,FR0011486067,Corporate bond,DIRECTION GENERALE DU TRESOR,1.75,2023-05-25,288000,EUR,102.106,PERC,,TWEM,TWEM,TRADEWEB,1,D2C,MTF,DBFTFB,'3605411877175169407
2022-04-21 13:56:06.283000,FR0011486067,Corporate bond,DIRECTION GENERALE DU TRESOR,1.75,2023-05-25,15325,EUR,102.127,PERC,,TWEM,TWEM,TRADEWEB,1,D2C,MTF,DBFTFB,'3605411877175168760
2022-04-21 12:41:25.946000,FR0011486067,Corporate bond,DIRECTION GENERALE DU TRESOR,1.75,2023-05-25,1000,EUR,102.168,PERC,,TWEM,TWEM,TRADEWEB,1,D2C,MTF,DBFTFB,'3605411877175168128
2022-04-21 11:10:00.369000,FR0011486067,Corporate bond,DIRECTION GENERALE DU TRESOR,1.75,2023-05-25,50000,EUR,102.139,PERC,,TWEM,TWEM,TRADEWEB,1,D2C,MTF,DBFTFB,'3605411877175167217
2022-04-21 10:24:55.819000,FR0011486067,Corporate bond,DIRECTION GENERALE DU TRESOR,1.75,2023-05-25,240000,EUR,102.146,PERC,,TWEM,TWEM,TRADEWEB,1,D2C,MTF,DBFTFB,'3605411877175166941
2022-04-21 10:20:01.500000,FR0011486067,Corporate bond,DIRECTION GENERALE DU TRESOR,1.75,2023-05-25,1300000,EUR,102.147,PERC,,TWEM,TWEM,TRADEWEB,1,D2C,MTF,DBFTFB,'3605411877175166870
2022-04-21 09:32:34.824000,FR0011486067,Corporate bond,DIRECTION GENERALE DU TRESOR,1.75,2023-05-25,155000,EUR,102.138,PERC,,TWEM,TWEM,TRADEWEB,1,D2C,MTF,DBFTFB,'3605411877175166367
2022-04-21 08:55:36.497000,FR0011486067,Corporate bond,DIRECTION GENERALE DU TRESOR,1.75,2023-05-25,5718,EUR,102.134,PERC,,TWEM,TWEM,TRADEWEB,1,D2C,MTF,DBFTFB,'3605411877175165908
2022-04-21 08:55:31.463000,FR0011486067,Corporate bond,DIRECTION GENERALE DU TRESOR,1.75,2023-05-25,35134,EUR,102.125,PERC,,TWEM,TWEM,TRADEWEB,1,D2C,MTF,DBFTFB,'3605411877175165895
2022-04-20 15:13:08.722000,FR0011486067,Corporate bond,DIRECTION GENERALE DU TRESOR,1.75,2023-05-25,174000,EUR,102.226,PERC,,TWEM,TWEM,TRADEWEB,1,D2C,MTF,DBFTFB,'3605410777663541430
2022-04-20 10:48:06.254000,FR0011486067,Corporate bond,DIRECTION GENERALE DU TRESOR,1.75,2023-05-25,106,EUR,102.257,PERC,,TWEM,TWEM,TRADEWEB,1,D2C,MTF,DBFTFB,'3605410777663539327
2022-04-20 09:01:25.968000,FR0011486067,Corporate bond,DIRECTION GENERALE DU TRESOR,1.75,2023-05-25,60000,EUR,102.291,PERC,,TWEM,TWEM,TRADEWEB,1,D2C,MTF,DBFTFB,'3605410777663538298
2022-04-20 08:10:03.405000,FR0011486067,Corporate bond,DIRECTION GENERALE DU TRESOR,1.75,2023-05-25,3383,EUR,102.287,PERC,,TWEM,TWEM,TRADEWEB,1,D2C,MTF,DBFTFB,'3605410777663537728
2022-04-20 08:09:58.454000,FR0011486067,Corporate bond,DIRECTION GENERALE DU TRESOR,1.75,2023-05-25,25118,EUR,102.27,PERC,,TWEM,TWEM,TRADEWEB,1,D2C,MTF,DBFTFB,'3605410777663537722
2022-04-19 15:01:31.704000,FR0011486067,Corporate bond,DIRECTION GENERALE DU TRESOR,1.75,2023-05-25,273000,EUR,102.263,PERC,,TWEM,TWEM,TRADEWEB,1,D2C,MTF,DBFTFB,'3605409678151914031
2022-04-19 14:49:31.578000,FR0011486067,Corporate bond,DIRECTION GENERALE DU TRESOR,1.75,2023-05-25,199000,EUR,102.273,PERC,,TWEM,TWEM,TRADEWEB,1,D2C,MTF,DBFTFB,'3605409678151913906
2022-04-19 12:55:49.417000,FR0011486067,Corporate bond,DIRECTION GENERALE DU TRESOR,1.75,2023-05-25,31126,EUR,102.263,PERC,,TWEM,TWEM,TRADEWEB,1,D2C,MTF,DBFTFB,'3605409678151912918
2022-04-19 12:55:46.638000,FR0011486067,Corporate bond,DIRECTION GENERALE DU TRESOR,1.75,2023-05-25,91053,EUR,102.28,PERC,,TWEM,TWEM,TRADEWEB,1,D2C,MTF,DBFTFB,'3605409678151912912
2022-04-19 11:07:54.032000,FR0011486067,Corporate bond,DIRECTION GENERALE DU TRESOR,1.75,2023-05-25,20000,EUR,102.271,PERC,,TWEM,TWEM,TRADEWEB,1,D2C,MTF,DBFTFB,'3605409678151912233
2022-04-19 07:37:57.415000,FR0011486067,Corporate bond,DIRECTION GENERALE DU TRESOR,1.75,2023-05-25,15000,EUR,102.259,PERC,,TWEM,TWEM,TRADEWEB,1,D2C,MTF,DBFTFB,'3605409678151909794
2022-04-19 05:02:58.000000,FR0011486067,Corporate bond,DIRECTION GENERALE DU TRESOR,1.75,2023-05-25,52000000,EUR,102.267442,PERC,IDAF,TWEM,TWEM,TRADEWEB,3,D2C,MTF,DBFTFB,'7208289380048306621
2022-04-14 15:39:58.833000,FR0011486067,Corporate bond,DIRECTION GENERALE DU TRESOR,1.75,2023-05-25,301000,EUR,102.292,PERC,,TWEM,TWEM,TRADEWEB,1,D2C,MTF,DBFTFB,'3605404180593774740
2022-04-14 15:14:18.135000,FR0011486067,Corporate bond,DIRECTION GENERALE DU TRESOR,1.75,2023-05-25,200000,EUR,102.281,PERC,,TWEM,TWEM,TRADEWEB,1,D2C,MTF,DBFTFB,'3605404180593774341
2022-04-14 15:13:24.693000,FR0011486067,Corporate bond,DIRECTION GENERALE DU TRESOR,1.75,2023-05-25,355000,EUR,102.287,PERC,,TWEM,TWEM,TRADEWEB,1,D2C,MTF,DBFTFB,'3605404180593774219
2022-04-14 11:08:20.520000,FR0011486067,Corporate bond,DIRECTION GENERALE DU TRESOR,1.75,2023-05-25,1000,EUR,102.251,PERC,,TWEM,TWEM,TRADEWEB,1,D2C,MTF,DBFTFB,'3605404180593772237
2022-04-14 09:16:54.066000,FR0011486067,Corporate bond,DIRECTION GENERALE DU TRESOR,1.75,2023-05-25,58846,EUR,102.264,PERC,,TWEM,TWEM,TRADEWEB,1,D2C,MTF,DBFTFB,'3605404180593771491
2022-04-13 10:08:59.470000,FR0011486067,Corporate bond,DIRECTION GENERALE DU TRESOR,1.75,2023-05-25,24125,EUR,102.273,PERC,,TWEM,TWEM,TRADEWEB,1,D2C,MTF,DBFTFB,'3605403081082144241
2022-04-13 10:08:54.466000,FR0011486067,Corporate bond,DIRECTION GENERALE DU TRESOR,1.75,2023-05-25,122291,EUR,102.266,PERC,,TWEM,TWEM,TRADEWEB,1,D2C,MTF,DBFTFB,'3605403081082144240
2022-04-12 15:44:52.171000,FR0011486067,Corporate bond,DIRECTION GENERALE DU TRESOR,1.75,2023-05-25,690000,EUR,102.292,PERC,,TWEM,TWEM,TRADEWEB,1,D2C,MTF,DBFTFB,'3605401981570519611
2022-04-12 15:14:54.679000,FR0011486067,Corporate bond,DIRECTION GENERALE DU TRESOR,1.75,2023-05-25,300000,EUR,102.294,PERC,,TWEM,TWEM,TRADEWEB,1,D2C,MTF,DBFTFB,'3605401981570519423
2022-04-12 14:52:35.044000,FR0011486067,Corporate bond,DIRECTION GENERALE DU TRESOR,1.75,2023-05-25,796000,EUR,102.293,PERC,,TWEM,TWEM,TRADEWEB,1,D2C,MTF,DBFTFB,'3605401981570519064
2022-04-12 11:02:52.132000,FR0011486067,Corporate bond,DIRECTION GENERALE DU TRESOR,1.75,2023-05-25,200000,EUR,102.269,PERC,,TWEM,TWEM,TRADEWEB,1,D2C,MTF,DBFTFB,'3605401981570517202
2022-04-12 09:08:02.573000,FR0011486067,Corporate bond,DIRECTION GENERALE DU TRESOR,1.75,2023-05-25,22992,EUR,102.247,PERC,,TWEM,TWEM,TRADEWEB,1,D2C,MTF,DBFTFB,'3605401981570516156
2022-04-12 09:08:01.205000,FR0011486067,Corporate bond,DIRECTION GENERALE DU TRESOR,1.75,2023-05-25,3084,EUR,102.245,PERC,,TWEM,TWEM,TRADEWEB,1,D2C,MTF,DBFTFB,'3605401981570516148
2022-04-12 05:03:23.000000,FR0011486067,Corporate bond,DIRECTION GENERALE DU TRESOR,1.75,2023-05-25,96200000,EUR,102.355002,PERC,IDAF,TWEM,TWEM,TRADEWEB,4,D2C,MTF,DBFTFB,'7208281683466912270
2022-04-11 15:55:56.311000,FR0011486067,Corporate bond,DIRECTION GENERALE DU TRESOR,1.75,2023-05-25,429000,EUR,102.262,PERC,,TWEM,TWEM,TRADEWEB,1,D2C,MTF,DBFTFB,'3605400882058891517
2022-04-11 14:07:03.295000,FR0011486067,Corporate bond,DIRECTION GENERALE DU TRESOR,1.75,2023-05-25,1144000,EUR,102.256,PERC,,TWEM,TWEM,TRADEWEB,1,D2C,MTF,DBFTFB,'3605400882058890788
2022-04-11 11:28:47.793000,FR0011486067,Corporate bond,DIRECTION GENERALE DU TRESOR,1.75,2023-05-25,620000,EUR,102.258,PERC,,TWEM,TWEM,TRADEWEB,1,D2C,MTF,DBFTFB,'3605400882058889356
2022-04-11 09:20:48.653000,FR0011486067,Corporate bond,DIRECTION GENERALE DU TRESOR,1.75,2023-05-25,117479,EUR,102.261,PERC,,TWEM,TWEM,TRADEWEB,1,D2C,MTF,DBFTFB,'3605400882058888538
2022-04-11 09:20:42.815000,FR0011486067,Corporate bond,DIRECTION GENERALE DU TRESOR,1.75,2023-05-25,81532,EUR,102.271,PERC,,TWEM,TWEM,TRADEWEB,1,D2C,MTF,DBFTFB,'3605400882058888533
2022-04-11 08:27:41.941000,FR0011486067,Corporate bond,DIRECTION GENERALE DU TRESOR,1.75,2023-05-25,4258,EUR,102.265,PERC,,TWEM,TWEM,TRADEWEB,1,D2C,MTF,DBFTFB,'3605400882058887975
2022-04-11 08:27:37.100000,FR0011486067,Corporate bond,DIRECTION GENERALE DU TRESOR,1.75,2023-05-25,3160,EUR,102.255,PERC,,TWEM,TWEM,TRADEWEB,1,D2C,MTF,DBFTFB,'3605400882058887967
2022-04-08 15:22:57.437000,FR0011486067,Corporate bond,DIRECTION GENERALE DU TRESOR,1.75,2023-05-25,1700000,EUR,102.298,PERC,,TWEM,TWEM,TRADEWEB,1,D2C,MTF,DBFTFB,'3605397583524008130
2022-04-08 15:13:11.429000,FR0011486067,Corporate bond,DIRECTION GENERALE DU TRESOR,1.75,2023-05-25,256000,EUR,102.312,PERC,,TWEM,TWEM,TRADEWEB,1,D2C,MTF,DBFTFB,'3605397583524007891
2022-04-08 09:07:48.819000,FR0011486067,Corporate bond,DIRECTION GENERALE DU TRESOR,1.75,2023-05-25,10923,EUR,102.32,PERC,,TWEM,TWEM,TRADEWEB,1,D2C,MTF,DBFTFB,'3605397583524005097
2022-04-08 08:27:05.402000,FR0011486067,Corporate bond,DIRECTION GENERALE DU TRESOR,1.75,2023-05-25,38115,EUR,102.32,PERC,,TWEM,TWEM,TRADEWEB,1,D2C,MTF,DBFTFB,'3605397583524004628
2022-04-07 15:16:03.651000,FR0011486067,Corporate bond,DIRECTION GENERALE DU TRESOR,1.75,2023-05-25,550000,EUR,102.331,PERC,,TWEM,TWEM,TRADEWEB,1,D2C,MTF,DBFTFB,'3605396484012380925
2022-04-07 15:07:00.184000,FR0011486067,Corporate bond,DIRECTION GENERALE DU TRESOR,1.75,2023-05-25,1400000,EUR,102.336,PERC,,TWEM,TWEM,TRADEWEB,1,D2C,MTF,DBFTFB,'3605396484012380481
2022-04-07 13:53:58.958000,FR0011486067,Corporate bond,DIRECTION GENERALE DU TRESOR,1.75,2023-05-25,10000,EUR,102.329,PERC,,TWEM,TWEM,TRADEWEB,1,D2C,MTF,DBFTFB,'3605396484012379303
2022-04-07 13:07:24.144000,FR0011486067,Corporate bond,DIRECTION GENERALE DU TRESOR,1.75,2023-05-25,113000,EUR,102.32,PERC,,TWEM,TWEM,TRADEWEB,1,D2C,MTF,DBFTFB,'3605396484012378938
2022-04-07 11:04:21.733000,FR0011486067,Corporate bond,DIRECTION GENERALE DU TRESOR,1.75,2023-05-25,2469,EUR,102.338,PERC,,TWEM,TWEM,TRADEWEB,1,D2C,MTF,DBFTFB,'3605396484012378166
2022-04-07 08:40:31.708000,FR0011486067,Corporate bond,DIRECTION GENERALE DU TRESOR,1.75,2023-05-25,10536,EUR,102.344,PERC,,TWEM,TWEM,TRADEWEB,1,D2C,MTF,DBFTFB,'3605396484012376917
2022-04-07 08:40:21.595000,FR0011486067,Corporate bond,DIRECTION GENERALE DU TRESOR,1.75,2023-05-25,23736,EUR,102.349,PERC,,TWEM,TWEM,TRADEWEB,1,D2C,MTF,DBFTFB,'3605396484012376903
2022-04-06 15:14:48.176000,FR0011486067,Corporate bond,DIRECTION GENERALE DU TRESOR,1.75,2023-05-25,36700,EUR,102.369,PERC,,TWEM,TWEM,TRADEWEB,1,D2C,MTF,DBFTFB,'3605395384500753270
2022-04-06 15:07:06.570000,FR0011486067,Corporate bond,DIRECTION GENERALE DU TRESOR,1.75,2023-05-25,515000,EUR,102.362,PERC,,TWEM,TWEM,TRADEWEB,1,D2C,MTF,DBFTFB,'3605395384500752944
2022-04-06 09:54:55.994000,FR0011486067,Corporate bond,DIRECTION GENERALE DU TRESOR,1.75,2023-05-25,4875,EUR,102.341,PERC,,TWEM,TWEM,TRADEWEB,1,D2C,MTF,DBFTFB,'3605395384500750235
2022-04-05 15:13:23.606000,FR0011486067,Corporate bond,DIRECTION GENERALE DU TRESOR,1.75,2023-05-25,79000,EUR,102.353,PERC,,TWEM,TWEM,TRADEWEB,1,D2C,MTF,DBFTFB,'3605394284989125350
2022-04-05 15:12:33.551000,FR0011486067,Corporate bond,DIRECTION GENERALE DU TRESOR,1.75,2023-05-25,500000,EUR,102.347,PERC,,TWEM,TWEM,TRADEWEB,1,D2C,MTF,DBFTFB,'3605394284989125300
2022-04-05 14:48:10.526000,FR0011486067,Corporate bond,DIRECTION GENERALE DU TRESOR,1.75,2023-05-25,307000,EUR,102.355,PERC,,TWEM,TWEM,TRADEWEB,1,D2C,MTF,DBFTFB,'3605394284989125052
2022-04-05 10:06:50.923000,FR0011486067,Corporate bond,DIRECTION GENERALE DU TRESOR,1.75,2023-05-25,168352,EUR,102.38,PERC,,TWEM,TWEM,TRADEWEB,1,D2C,MTF,DBFTFB,'3605394284989122484
2022-04-05 10:03:40.272000,FR0011486067,Corporate bond,DIRECTION GENERALE DU TRESOR,1.75,2023-05-25,1000000,EUR,102.372,PERC,,TWEM,TWEM,TRADEWEB,1,D2C,MTF,DBFTFB,'3605394284989122438
2022-04-05 09:14:45.936000,FR0011486067,Corporate bond,DIRECTION GENERALE DU TRESOR,1.75,2023-05-25,7038,EUR,102.385,PERC,,TWEM,TWEM,TRADEWEB,1,D2C,MTF,DBFTFB,'3605394284989121838
2022-04-05 09:14:43.003000,FR0011486067,Corporate bond,DIRECTION GENERALE DU TRESOR,1.75,2023-05-25,900,EUR,102.375,PERC,,TWEM,TWEM,TRADEWEB,1,D2C,MTF,DBFTFB,'3605394284989121832
2022-04-05 05:03:29.000000,FR0011486067,Corporate bond,DIRECTION GENERALE DU TRESOR,1.75,2023-05-25,37150000,EUR,102.445326,PERC,IDAF,TWEM,TWEM,TRADEWEB,4,D2C,MTF,DBFTFB,'7208273986885517940
2022-04-04 15:08:54.793000,FR0011486067,Corporate bond,DIRECTION GENERALE DU TRESOR,1.75,2023-05-25,404000,EUR,102.415,PERC,,TWEM,TWEM,TRADEWEB,1,D2C,MTF,DBFTFB,'3605393185477497116
2022-04-04 11:26:41.409000,FR0011486067,Corporate bond,DIRECTION GENERALE DU TRESOR,1.75,2023-05-25,1000,EUR,102.421,PERC,,TWEM,TWEM,TRADEWEB,1,D2C,MTF,DBFTFB,'3605393185477495004
2022-04-04 10:10:11.585000,FR0011486067,Corporate bond,DIRECTION GENERALE DU TRESOR,1.75,2023-05-25,22159,EUR,102.422,PERC,,TWEM,TWEM,TRADEWEB,1,D2C,MTF,DBFTFB,'3605393185477494566
2022-04-04 10:10:07.411000,FR0011486067,Corporate bond,DIRECTION GENERALE DU TRESOR,1.75,2023-05-25,17904,EUR,102.41,PERC,,TWEM,TWEM,TRADEWEB,1,D2C,MTF,DBFTFB,'3605393185477494555
2022-04-04 08:25:56.543000,FR0011486067,Corporate bond,DIRECTION GENERALE DU TRESOR,1.75,2023-05-25,400000,EUR,102.428,PERC,,TWEM,TWEM,TRADEWEB,1,D2C,MTF,DBFTFB,'3605393185477493415
2022-04-01 15:05:52.772000,FR0011486067,Corporate bond,DIRECTION GENERALE DU TRESOR,1.75,2023-05-25,3000,EUR,102.409,PERC,,TWEM,TWEM,TRADEWEB,1,D2C,MTF,DBFTFB,'3605389886942614187
2022-04-01 10:28:10.082000,FR0011486067,Corporate bond,DIRECTION GENERALE DU TRESOR,1.75,2023-05-25,1000,EUR,102.431,PERC,,TWEM,TWEM,TRADEWEB,1,D2C,MTF,DBFTFB,'3605389886942611525
2022-04-01 08:46:41.217000,FR0011486067,Corporate bond,DIRECTION GENERALE DU TRESOR,1.75,2023-05-25,34784,EUR,102.411,PERC,,TWEM,TWEM,TRADEWEB,1,D2C,MTF,DBFTFB,'3605389886942610377
2022-03-31 15:35:27.590000,FR0011486067,Corporate bond,DIRECTION GENERALE DU TRESOR,1.75,2023-05-25,60000,EUR,102.464,PERC,,TWEM,TWEM,TRADEWEB,1,D2C,MTF,DBFTFB,'3605388787430988572
2022-03-31 15:33:32.521000,FR0011486067,Corporate bond,DIRECTION GENERALE DU TRESOR,1.75,2023-05-25,442000,EUR,102.463,PERC,,TWEM,TWEM,TRADEWEB,1,D2C,MTF,DBFTFB,'3605388787430988475
2022-03-31 15:32:06.823000,FR0011486067,Corporate bond,DIRECTION GENERALE DU TRESOR,1.75,2023-05-25,500000,EUR,102.449,PERC,,TWEM,TWEM,TRADEWEB,1,D2C,MTF,DBFTFB,'3605388787430988395
2022-03-31 15:24:43.511000,FR0011486067,Corporate bond,DIRECTION GENERALE DU TRESOR,1.75,2023-05-25,346000,EUR,102.469,PERC,,TWEM,TWEM,TRADEWEB,1,D2C,MTF,DBFTFB,'3605388787430988171
2022-03-31 15:20:50.631000,FR0011486067,Corporate bond,DIRECTION GENERALE DU TRESOR,1.75,2023-05-25,146000,EUR,102.471,PERC,,TWEM,TWEM,TRADEWEB,1,D2C,MTF,DBFTFB,'3605388787430988005
2022-03-31 15:18:31.590000,FR0011486067,Corporate bond,DIRECTION GENERALE DU TRESOR,1.75,2023-05-25,34000,EUR,102.46,PERC,,TWEM,TWEM,TRADEWEB,1,D2C,MTF,DBFTFB,'3605388787430987816
2022-03-31 15:17:59.177000,FR0011486067,Corporate bond,DIRECTION GENERALE DU TRESOR,1.75,2023-05-25,1424100,EUR,102.458,PERC,,TWEM,TWEM,TRADEWEB,1,D2C,MTF,DBFTFB,'3605388787430987778
2022-03-31 15:16:04.730000,FR0011486067,Corporate bond,DIRECTION GENERALE DU TRESOR,1.75,2023-05-25,12000,EUR,102.451,PERC,,TWEM,TWEM,TRADEWEB,1,D2C,MTF,DBFTFB,'3605388787430987285
2022-03-31 15:15:49.276000,FR0011486067,Corporate bond,DIRECTION GENERALE DU TRESOR,1.75,2023-05-25,200000,EUR,102.439,PERC,,TWEM,TWEM,TRADEWEB,1,D2C,MTF,DBFTFB,'3605388787430987185
2022-03-31 15:15:34.272000,FR0011486067,Corporate bond,DIRECTION GENERALE DU TRESOR,1.75,2023-05-25,700000,EUR,102.462,PERC,,TWEM,TWEM,TRADEWEB,1,D2C,MTF,DBFTFB,'3605388787430987071
2022-03-31 15:14:41.834000,FR0011486067,Corporate bond,DIRECTION GENERALE DU TRESOR,1.75,2023-05-25,826000,EUR,102.454,PERC,,TWEM,TWEM,TRADEWEB,1,D2C,MTF,DBFTFB,'3605388787430986774
2022-03-31 15:13:29.396000,FR0011486067,Corporate bond,DIRECTION GENERALE DU TRESOR,1.75,2023-05-25,40000,EUR,102.448,PERC,,TWEM,TWEM,TRADEWEB,1,D2C,MTF,DBFTFB,'3605388787430986441
2022-03-31 15:13:08.911000,FR0011486067,Corporate bond,DIRECTION GENERALE DU TRESOR,1.75,2023-05-25,5000,EUR,102.469,PERC,,TWEM,TWEM,TRADEWEB,1,D2C,MTF,DBFTFB,'3605388787430986396
2022-03-31 15:12:43.378000,FR0011486067,Corporate bond,DIRECTION GENERALE DU TRESOR,1.75,2023-05-25,821300,EUR,102.452,PERC,,TWEM,TWEM,TRADEWEB,1,D2C,MTF,DBFTFB,'3605388787430986376
2022-03-31 15:11:28.837000,FR0011486067,Corporate bond,DIRECTION GENERALE DU TRESOR,1.75,2023-05-25,574000,EUR,102.46,PERC,,TWEM,TWEM,TRADEWEB,1,D2C,MTF,DBFTFB,'3605388787430986250
2022-03-31 15:07:02.510000,FR0011486067,Corporate bond,DIRECTION GENERALE DU TRESOR,1.75,2023-05-25,121000,EUR,102.472,PERC,,TWEM,TWEM,TRADEWEB,1,D2C,MTF,DBFTFB,'3605388787430986133
2022-03-31 13:41:49.430000,FR0011486067,Corporate bond,DIRECTION GENERALE DU TRESOR,1.75,2023-05-25,75000,EUR,102.468,PERC,,TWEM,TWEM,TRADEWEB,1,D2C,MTF,DBFTFB,'3605388787430985048
2022-03-31 13:33:20.033000,FR0011486067,Corporate bond,DIRECTION GENERALE DU TRESOR,1.75,2023-05-25,611000,EUR,102.472,PERC,,TWEM,TWEM,TRADEWEB,1,D2C,MTF,DBFTFB,'3605388787430984952
2022-03-31 13:23:00.237000,FR0011486067,Corporate bond,DIRECTION GENERALE DU TRESOR,1.75,2023-05-25,750000,EUR,102.509,PERC,,TWEM,TWEM,TRADEWEB,1,D2C,MTF,DBFTFB,'3605388787430984876
2022-03-31 12:35:20.706000,FR0011486067,Corporate bond,DIRECTION GENERALE DU TRESOR,1.75,2023-05-25,150000,EUR,102.523,PERC,,TWEM,TWEM,TRADEWEB,1,D2C,MTF,DBFTFB,'3605388787430984438
2022-03-31 11:43:31.756000,FR0011486067,Corporate bond,DIRECTION GENERALE DU TRESOR,1.75,2023-05-25,1000,EUR,102.51,PERC,,TWEM,TWEM,TRADEWEB,1,D2C,MTF,DBFTFB,'3605388787430983898
2022-03-31 11:18:37.477000,FR0011486067,Corporate bond,DIRECTION GENERALE DU TRESOR,1.75,2023-05-25,160000,EUR,102.506,PERC,,TWEM,TWEM,TRADEWEB,1,D2C,MTF,DBFTFB,'3605388787430983615
2022-03-31 09:39:36.080000,FR0011486067,Corporate bond,DIRECTION GENERALE DU TRESOR,1.75,2023-05-25,3000,EUR,102.498,PERC,,TWEM,TWEM,TRADEWEB,1,D2C,MTF,DBFTFB,'3605388787430982930
2022-03-31 09:20:31.453000,FR0011486067,Corporate bond,DIRECTION GENERALE DU TRESOR,1.75,2023-05-25,108036,EUR,102.493,PERC,,TWEM,TWEM,TRADEWEB,1,D2C,MTF,DBFTFB,'3605388787430982792
2022-03-30 13:00:35.317000,FR0011486067,Corporate bond,DIRECTION GENERALE DU TRESOR,1.75,2023-05-25,250000,EUR,102.468,PERC,,TWEM,TWEM,TRADEWEB,1,D2C,MTF,DBFTFB,'3605387687919357220
2022-03-30 11:32:00.482000,FR0011486067,Corporate bond,DIRECTION GENERALE DU TRESOR,1.75,2023-05-25,3000,EUR,102.49,PERC,,TWEM,TWEM,TRADEWEB,1,D2C,MTF,DBFTFB,'3605387687919356371
2022-03-30 10:21:19.701000,FR0011486067,Corporate bond,DIRECTION GENERALE DU TRESOR,1.75,2023-05-25,21427,EUR,102.482,PERC,,TWEM,TWEM,TRADEWEB,1,D2C,MTF,DBFTFB,'3605387687919355858
2022-03-29 15:09:19.310000,FR0011486067,Corporate bond,DIRECTION GENERALE DU TRESOR,1.75,2023-05-25,139000,EUR,102.54,PERC,,TWEM,TWEM,TRADEWEB,1,D2C,MTF,DBFTFB,'3605386588407731277
2022-03-29 14:44:08.948000,FR0011486067,Corporate bond,DIRECTION GENERALE DU TRESOR,1.75,2023-05-25,242000,EUR,102.548,PERC,,TWEM,TWEM,TRADEWEB,1,D2C,MTF,DBFTFB,'3605386588407731074
2022-03-29 13:34:13.189000,FR0011486067,Corporate bond,DIRECTION GENERALE DU TRESOR,1.75,2023-05-25,7307,EUR,102.55,PERC,,TWEM,TWEM,TRADEWEB,1,D2C,MTF,DBFTFB,'3605386588407730183
2022-03-29 10:25:26.155000,FR0011486067,Corporate bond,DIRECTION GENERALE DU TRESOR,1.75,2023-05-25,275000,EUR,102.52,PERC,,TWEM,TWEM,TRADEWEB,1,D2C,MTF,DBFTFB,'3605386588407728231
2022-03-29 09:09:30.562000,FR0011486067,Corporate bond,DIRECTION GENERALE DU TRESOR,1.75,2023-05-25,8540,EUR,102.538,PERC,,TWEM,TWEM,TRADEWEB,1,D2C,MTF,DBFTFB,'3605386588407727263
2022-03-29 05:03:53.000000,FR0011486067,Corporate bond,DIRECTION GENERALE DU TRESOR,1.75,2023-05-25,60000000,EUR,102.7085,PERC,IDAF,TWEM,TWEM,TRADEWEB,2,D2C,MTF,DBFTFB,'7208266290304123452
2022-03-28 15:12:49.076000,FR0011486067,Corporate bond,DIRECTION GENERALE DU TRESOR,1.75,2023-05-25,167000,EUR,102.584,PERC,,TWEM,TWEM,TRADEWEB,1,D2C,MTF,DBFTFB,'3605385488896102894
2022-03-28 14:37:58.715000,FR0011486067,Corporate bond,DIRECTION GENERALE DU TRESOR,1.75,2023-05-25,8102,EUR,102.608,PERC,,TWEM,TWEM,TRADEWEB,1,D2C,MTF,DBFTFB,'3605385488896102465
2022-03-28 14:37:58.675000,FR0011486067,Corporate bond,DIRECTION GENERALE DU TRESOR,1.75,2023-05-25,54746,EUR,102.595,PERC,,TWEM,TWEM,TRADEWEB,1,D2C,MTF,DBFTFB,'3605385488896102463
2022-03-28 14:23:28.659000,FR0011486067,Corporate bond,DIRECTION GENERALE DU TRESOR,1.75,2023-05-25,239000,EUR,102.591,PERC,,TWEM,TWEM,TRADEWEB,1,D2C,MTF,DBFTFB,'3605385488896102249
2022-03-28 12:08:49.237000,FR0011486067,Corporate bond,DIRECTION GENERALE DU TRESOR,1.75,2023-05-25,980902,EUR,102.575,PERC,,TWEM,TWEM,TRADEWEB,1,D2C,MTF,DBFTFB,'3605385488896101139
2022-03-25 16:16:02.372000,FR0011486067,Corporate bond,DIRECTION GENERALE DU TRESOR,1.75,2023-05-25,500000,EUR,102.63,PERC,,TWEM,TWEM,TRADEWEB,1,D2C,MTF,DBFTFB,'3605382190361219151
2022-03-25 12:09:19.469000,FR0011486067,Corporate bond,DIRECTION GENERALE DU TRESOR,1.75,2023-05-25,124995,EUR,102.661,PERC,,TWEM,TWEM,TRADEWEB,1,D2C,MTF,DBFTFB,'3605382190361217215
2022-03-25 09:07:51.044000,FR0011486067,Corporate bond,DIRECTION GENERALE DU TRESOR,1.75,2023-05-25,74303,EUR,102.668,PERC,,TWEM,TWEM,TRADEWEB,1,D2C,MTF,DBFTFB,'3605382190361215488
2022-03-25 09:07:46.924000,FR0011486067,Corporate bond,DIRECTION GENERALE DU TRESOR,1.75,2023-05-25,1903,EUR,102.659,PERC,,TWEM,TWEM,TRADEWEB,1,D2C,MTF,DBFTFB,'3605382190361215480
2022-03-24 16:31:38.759000,FR0011486067,Corporate bond,DIRECTION GENERALE DU TRESOR,1.75,2023-05-25,20000,EUR,102.653,PERC,,TWEM,TWEM,TRADEWEB,1,D2C,MTF,DBFTFB,'3605381090849592034
2022-03-24 16:27:48.803000,FR0011486067,Corporate bond,DIRECTION GENERALE DU TRESOR,1.75,2023-05-25,664000,EUR,102.664,PERC,,TWEM,TWEM,TRADEWEB,1,D2C,MTF,DBFTFB,'3605381090849591836
2022-03-24 16:14:32.736000,FR0011486067,Corporate bond,DIRECTION GENERALE DU TRESOR,1.75,2023-05-25,488000,EUR,102.65,PERC,,TWEM,TWEM,TRADEWEB,1,D2C,MTF,DBFTFB,'3605381090849591529
2022-03-24 15:22:27.795000,FR0011486067,Corporate bond,DIRECTION GENERALE DU TRESOR,1.75,2023-05-25,112260,EUR,102.653,PERC,,TWEM,TWEM,TRADEWEB,1,D2C,MTF,DBFTFB,'3605381090849590959
2022-03-24 10:45:43.505000,FR0011486067,Corporate bond,DIRECTION GENERALE DU TRESOR,1.75,2023-05-25,525000,EUR,102.665,PERC,,TWEM,TWEM,TRADEWEB,1,D2C,MTF,DBFTFB,'3605381090849588736
2022-03-24 10:25:30.065000,FR0011486067,Corporate bond,DIRECTION GENERALE DU TRESOR,1.75,2023-05-25,4900,EUR,102.667,PERC,,TWEM,TWEM,TRADEWEB,1,D2C,MTF,DBFTFB,'3605381090849588585
2022-03-24 09:58:33.700000,FR0011486067,Corporate bond,DIRECTION GENERALE DU TRESOR,1.75,2023-05-25,24302,EUR,102.656,PERC,,TWEM,TWEM,TRADEWEB,1,D2C,MTF,DBFTFB,'3605381090849588214
2022-03-23 12:10:23.090000,FR0011486067,Corporate bond,DIRECTION GENERALE DU TRESOR,1.75,2023-05-25,4000,EUR,102.7,PERC,,TWEM,TWEM,TRADEWEB,1,D2C,MTF,DBFTFB,'3605379991337961739
2022-03-23 10:26:14.567000,FR0011486067,Corporate bond,DIRECTION GENERALE DU TRESOR,1.75,2023-05-25,595000,EUR,102.686,PERC,,TWEM,TWEM,TRADEWEB,1,D2C,MTF,DBFTFB,'3605379991337960758
2022-03-23 09:45:27.792000,FR0011486067,Corporate bond,DIRECTION GENERALE DU TRESOR,1.75,2023-05-25,14956,EUR,102.701,PERC,,TWEM,TWEM,TRADEWEB,1,D2C,MTF,DBFTFB,'3605379991337960357
2022-03-23 09:45:20.868000,FR0011486067,Corporate bond,DIRECTION GENERALE DU TRESOR,1.75,2023-05-25,2194,EUR,102.697,PERC,,TWEM,TWEM,TRADEWEB,1,D2C,MTF,DBFTFB,'3605379991337960347
2022-03-22 16:32:49.902000,FR0011486067,Corporate bond,DIRECTION GENERALE DU TRESOR,1.75,2023-05-25,252000,EUR,102.684,PERC,,TWEM,TWEM,TRADEWEB,1,D2C,MTF,DBFTFB,'3605378891826336456
2022-03-22 16:03:27.755000,FR0011486067,Corporate bond,DIRECTION GENERALE DU TRESOR,1.75,2023-05-25,311000,EUR,102.676,PERC,,TWEM,TWEM,TRADEWEB,1,D2C,MTF,DBFTFB,'3605378891826336058
2022-03-22 15:45:47.612000,FR0011486067,Corporate bond,DIRECTION GENERALE DU TRESOR,1.75,2023-05-25,496000,EUR,102.683,PERC,,TWEM,TWEM,TRADEWEB,1,D2C,MTF,DBFTFB,'3605378891826335899
