Historical Rts2 Post Trade Microsecond,Historical Rts2 Instrument Identification Code,Bond Type Bond Type Desc,Instruments New Issuer Name,Instruments New Bond Fixed Rate,Instruments New Bond Maturity Date,Historical Rts2 Notional Amount,Historical Rts2 Notional Currency,Historical Rts2 Price,Historical Rts2 Price Notation,Historical Rts2 Flag List,Historical Rts2 Venue of Execution,Historical Rts2 Venue of Publication,Mifid Entities Commercial Name,Historical Rts2 Transaction Count,Mifid Entities Platform Type,Mifid Entities Trading Venue Types,Instruments New Cfi,Historical Rts2 Transaction Identification Code
2022-08-08 13:23:47.921000,FR0014002WK3,Corporate bond,DIRECTION GENERALE DU TRESOR,0,2031-11-25,23000,EUR,88.759,PERC,,BTFE,BTFE,BLOOMBERG,1,D2C,MTF,DBFTFB,dfabe23d-3a14-4fc5-b380-95e202b09e16
2022-08-08 13:21:15.219000,FR0014002WK3,Corporate bond,DIRECTION GENERALE DU TRESOR,0,2031-11-25,4086,EUR,88.708,PERC,,BTFE,BTFE,BLOOMBERG,1,D2C,MTF,DBFTFB,dc4546fa-9479-497f-b0e6-49f6e0469557
2022-08-05 13:56:48.428000,FR0014002WK3,Corporate bond,DIRECTION GENERALE DU TRESOR,0,2031-11-25,40000,EUR,88.579,PERC,,BTFE,BTFE,BLOOMBERG,1,D2C,MTF,DBFTFB,dab6645c-be66-4997-8cb5-1adfd07b6eeb
2022-08-05 13:48:26.061000,FR0014002WK3,Corporate bond,DIRECTION GENERALE DU TRESOR,0,2031-11-25,410,EUR,88.666,PERC,,BTFE,BTFE,BLOOMBERG,1,D2C,MTF,DBFTFB,1f75b784-ae06-46ce-bcc4-607bf2d620eb
2022-08-05 13:48:10.791000,FR0014002WK3,Corporate bond,DIRECTION GENERALE DU TRESOR,0,2031-11-25,8026,EUR,88.624,PERC,,BTFE,BTFE,BLOOMBERG,1,D2C,MTF,DBFTFB,e801e1b1-73af-4ba8-8adf-bda83f9bd659
2022-08-05 13:45:16.200000,FR0014002WK3,Corporate bond,DIRECTION GENERALE DU TRESOR,0,2031-11-25,20000,EUR,88.723,PERC,,BTFE,BTFE,BLOOMBERG,1,D2C,MTF,DBFTFB,c995e858-f8bb-4b53-b066-31c1a965eca9
2022-08-05 11:29:21.120000,FR0014002WK3,Corporate bond,DIRECTION GENERALE DU TRESOR,0,2031-11-25,200000,EUR,89.177,PERC,,BTFE,BTFE,BLOOMBERG,1,D2C,MTF,DBFTFB,e627f582-8ca3-463c-b0f0-d40e8cbaf257
2022-08-04 15:15:05.146000,FR0014002WK3,Corporate bond,DIRECTION GENERALE DU TRESOR,0,2031-11-25,20000,EUR,89.382,PERC,,BTFE,BTFE,BLOOMBERG,1,D2C,MTF,DBFTFB,b0e11a62-1cb0-4dd8-af12-13b3cf550133
2022-08-04 13:45:04.553000,FR0014002WK3,Corporate bond,DIRECTION GENERALE DU TRESOR,0,2031-11-25,98000,EUR,89.287,PERC,,BTFE,BTFE,BLOOMBERG,1,D2C,MTF,DBFTFB,bac4e964-bd79-4993-92bf-70cea93bc87a
2022-08-04 12:41:50.444000,FR0014002WK3,Corporate bond,DIRECTION GENERALE DU TRESOR,0,2031-11-25,1000000,EUR,89.554,PERC,,BTFE,BTFE,BLOOMBERG,1,D2C,MTF,DBFTFB,a285e6ab-1090-41b3-9543-bf135b4d2f63
2022-08-04 12:22:55.433000,FR0014002WK3,Corporate bond,DIRECTION GENERALE DU TRESOR,0,2031-11-25,3143,EUR,89.45,PERC,,BTFE,BTFE,BLOOMBERG,1,D2C,MTF,DBFTFB,99bb870d-7d9b-4e57-b651-3b096eb9b487
2022-08-04 12:22:41.022000,FR0014002WK3,Corporate bond,DIRECTION GENERALE DU TRESOR,0,2031-11-25,2891,EUR,89.434,PERC,,BTFE,BTFE,BLOOMBERG,1,D2C,MTF,DBFTFB,592393fd-cb7e-4d34-ac76-86eeec76d221
2022-08-04 11:30:41.308000,FR0014002WK3,Corporate bond,DIRECTION GENERALE DU TRESOR,0,2031-11-25,300000,EUR,89.096,PERC,,BTFE,BTFE,BLOOMBERG,1,D2C,MTF,DBFTFB,e54d4053-d49a-4f44-af56-4b71957758f3
2022-08-03 13:11:56.867000,FR0014002WK3,Corporate bond,DIRECTION GENERALE DU TRESOR,0,2031-11-25,34000,EUR,88.737,PERC,,BTFE,BTFE,BLOOMBERG,1,D2C,MTF,DBFTFB,a151049d-0550-40a6-ac77-5ada61c10818
2022-08-03 13:10:59.324000,FR0014002WK3,Corporate bond,DIRECTION GENERALE DU TRESOR,0,2031-11-25,1500000,EUR,88.724,PERC,,BTFE,BTFE,BLOOMBERG,1,D2C,MTF,DBFTFB,6336298c-9659-43a3-9098-616834b357c6
2022-08-03 12:23:13.187000,FR0014002WK3,Corporate bond,DIRECTION GENERALE DU TRESOR,0,2031-11-25,2044,EUR,88.608,PERC,,BTFE,BTFE,BLOOMBERG,1,D2C,MTF,DBFTFB,072db516-fda1-4532-ae54-b08a805c0bae
2022-08-03 12:22:58.564000,FR0014002WK3,Corporate bond,DIRECTION GENERALE DU TRESOR,0,2031-11-25,4987,EUR,88.629,PERC,,BTFE,BTFE,BLOOMBERG,1,D2C,MTF,DBFTFB,d43cf90e-12d1-4c81-85c0-6870c6f30830
2022-08-03 12:21:02.086000,FR0014002WK3,Corporate bond,DIRECTION GENERALE DU TRESOR,0,2031-11-25,19000,EUR,88.649,PERC,,BTFE,BTFE,BLOOMBERG,1,D2C,MTF,DBFTFB,b1e97074-c939-4cc8-91f0-a448a44730e5
2022-08-02 14:48:39.862000,FR0014002WK3,Corporate bond,DIRECTION GENERALE DU TRESOR,0,2031-11-25,1000000,EUR,89.226,PERC,,BTFE,BTFE,BLOOMBERG,1,D2C,MTF,DBFTFB,1547a3ee-1280-4abe-ba9f-53c4383ebbfa
2022-08-02 14:19:48.682000,FR0014002WK3,Corporate bond,DIRECTION GENERALE DU TRESOR,0,2031-11-25,5000,EUR,89.409,PERC,,BTFE,BTFE,BLOOMBERG,1,D2C,MTF,DBFTFB,eed85e0c-19f0-458b-9d27-14ed47ca6a7e
2022-08-02 14:03:44.409000,FR0014002WK3,Corporate bond,DIRECTION GENERALE DU TRESOR,0,2031-11-25,1000000,EUR,89.474,PERC,,BTFE,BTFE,BLOOMBERG,1,D2C,MTF,DBFTFB,2430a159-ef2f-4019-be3d-ec1b8afaf632
2022-08-02 13:27:27.969000,FR0014002WK3,Corporate bond,DIRECTION GENERALE DU TRESOR,0,2031-11-25,26000,EUR,89.627,PERC,,BTFE,BTFE,BLOOMBERG,1,D2C,MTF,DBFTFB,ac6dcace-c3ef-474a-b39d-b34304d4167d
2022-08-02 12:33:20.898000,FR0014002WK3,Corporate bond,DIRECTION GENERALE DU TRESOR,0,2031-11-25,14798,EUR,90.047,PERC,,BTFE,BTFE,BLOOMBERG,1,D2C,MTF,DBFTFB,dcd38904-941d-494f-b36f-b9df7beb00bc
2022-08-02 11:24:30.878000,FR0014002WK3,Corporate bond,DIRECTION GENERALE DU TRESOR,0,2031-11-25,479486,EUR,89.948,PERC,,BTFE,BTFE,BLOOMBERG,1,D2C,MTF,DBFTFB,2f760214-0c07-4c71-b369-bf579c49fb67
2022-08-02 11:15:03.058000,FR0014002WK3,Corporate bond,DIRECTION GENERALE DU TRESOR,0,2031-11-25,50000,EUR,89.872,PERC,,BTFE,BTFE,BLOOMBERG,1,D2C,MTF,DBFTFB,50c097e5-7220-463f-9c6d-70abae3c07af
2022-08-02 08:08:18.745000,FR0014002WK3,Corporate bond,DIRECTION GENERALE DU TRESOR,0,2031-11-25,239260,EUR,90.157,PERC,,BTFE,BTFE,BLOOMBERG,1,D2C,MTF,DBFTFB,558c99b8-5352-4bbd-ae8d-cec41dd6a90e
2022-08-02 07:53:25.621000,FR0014002WK3,Corporate bond,DIRECTION GENERALE DU TRESOR,0,2031-11-25,1000000,EUR,90.274,PERC,,BTFE,BTFE,BLOOMBERG,1,D2C,MTF,DBFTFB,539914bb-8609-4cbd-946f-3e3f7f32a45b
2022-08-02 07:18:23.004000,FR0014002WK3,Corporate bond,DIRECTION GENERALE DU TRESOR,0,2031-11-25,1000000,EUR,90.038,PERC,,BTFE,BTFE,BLOOMBERG,1,D2C,MTF,DBFTFB,a6fe4efc-7926-4a77-8f4f-7e11a7e7b90c
2022-08-02 06:45:54.703259,FR0014002WK3,Corporate bond,DIRECTION GENERALE DU TRESOR,0,2031-11-25,39126626,EUR,87.972144,PERC,IDAF SIZE,BTFE,BTFE,BLOOMBERG,6,D2C,MTF,DBFTFB,
2022-08-01 15:23:28.831000,FR0014002WK3,Corporate bond,DIRECTION GENERALE DU TRESOR,0,2031-11-25,300000,EUR,89.559,PERC,,BTFE,BTFE,BLOOMBERG,1,D2C,MTF,DBFTFB,ee4286e4-5476-4432-af60-2c88dfdf15c4
2022-08-01 15:05:51.807000,FR0014002WK3,Corporate bond,DIRECTION GENERALE DU TRESOR,0,2031-11-25,18000,EUR,89.507,PERC,,BTFE,BTFE,BLOOMBERG,1,D2C,MTF,DBFTFB,488f0d47-13a4-4c6d-9483-9cbaef3c3bb5
2022-08-01 14:46:35.421000,FR0014002WK3,Corporate bond,DIRECTION GENERALE DU TRESOR,0,2031-11-25,1000000,EUR,89.617,PERC,,BTFE,BTFE,BLOOMBERG,1,D2C,MTF,DBFTFB,d273a65d-fc05-4c07-9920-6bf7fed5f854
2022-08-01 13:10:07.168000,FR0014002WK3,Corporate bond,DIRECTION GENERALE DU TRESOR,0,2031-11-25,1500000,EUR,89.393,PERC,,BTFE,BTFE,BLOOMBERG,1,D2C,MTF,DBFTFB,eb45acc9-1542-4dc3-b284-b9bab860b184
2022-08-01 13:09:00.230000,FR0014002WK3,Corporate bond,DIRECTION GENERALE DU TRESOR,0,2031-11-25,1500000,EUR,89.354,PERC,,BTFE,BTFE,BLOOMBERG,1,D2C,MTF,DBFTFB,3f3c9baa-2c0a-41b9-a085-39a1fedfc82b
2022-08-01 12:46:55.524000,FR0014002WK3,Corporate bond,DIRECTION GENERALE DU TRESOR,0,2031-11-25,9415,EUR,88.954,PERC,,BTFE,BTFE,BLOOMBERG,1,D2C,MTF,DBFTFB,de482059-7543-481a-b5ec-72f6a29f75e1
2022-08-01 12:46:41.457000,FR0014002WK3,Corporate bond,DIRECTION GENERALE DU TRESOR,0,2031-11-25,8725,EUR,88.949,PERC,,BTFE,BTFE,BLOOMBERG,1,D2C,MTF,DBFTFB,b889c137-6961-4835-b33c-7c8cf64b11b8
2022-08-01 12:30:10.426000,FR0014002WK3,Corporate bond,DIRECTION GENERALE DU TRESOR,0,2031-11-25,2000000,EUR,89.038,PERC,,BTFE,BTFE,BLOOMBERG,1,D2C,MTF,DBFTFB,97fb100c-6994-4780-ac18-0ab17079575d
2022-08-01 12:23:17.442000,FR0014002WK3,Corporate bond,DIRECTION GENERALE DU TRESOR,0,2031-11-25,2000000,EUR,89.069,PERC,,BTFE,BTFE,BLOOMBERG,1,D2C,MTF,DBFTFB,0a2762fd-5bc8-4dbc-adb4-7a2da86090b2
2022-07-29 15:23:50.791000,FR0014002WK3,Corporate bond,DIRECTION GENERALE DU TRESOR,0,2031-11-25,200000,EUR,89.244,PERC,,BTFE,BTFE,BLOOMBERG,1,D2C,MTF,DBFTFB,fa912dff-3f14-411d-b093-76b5368fcb36
2022-07-29 15:17:10.028000,FR0014002WK3,Corporate bond,DIRECTION GENERALE DU TRESOR,0,2031-11-25,600000,EUR,89.221,PERC,,BTFE,BTFE,BLOOMBERG,1,D2C,MTF,DBFTFB,ddc3bd6a-f9c3-465b-a1f1-675a2e96ee0d
2022-07-29 15:15:14.237000,FR0014002WK3,Corporate bond,DIRECTION GENERALE DU TRESOR,0,2031-11-25,2600000,EUR,89.26,PERC,,BTFE,BTFE,BLOOMBERG,1,D2C,MTF,DBFTFB,ee52bc65-bd89-4c72-86ba-a6321f7f2b75
2022-07-29 15:11:13.660000,FR0014002WK3,Corporate bond,DIRECTION GENERALE DU TRESOR,0,2031-11-25,1000,EUR,89.146,PERC,,BTFE,BTFE,BLOOMBERG,1,D2C,MTF,DBFTFB,ff0d165c-1227-4dfc-91e5-44fcd97c3a50
2022-07-29 15:02:24.117000,FR0014002WK3,Corporate bond,DIRECTION GENERALE DU TRESOR,0,2031-11-25,500000,EUR,89.014,PERC,,BTFE,BTFE,BLOOMBERG,1,D2C,MTF,DBFTFB,471bd6de-7f83-4473-ac64-f4ad84d2e784
2022-07-29 14:45:40.850000,FR0014002WK3,Corporate bond,DIRECTION GENERALE DU TRESOR,0,2031-11-25,1080000,EUR,88.944,PERC,,BTFE,BTFE,BLOOMBERG,1,D2C,MTF,DBFTFB,cd0e0810-a1c3-4631-8b8f-3d821f4149f6
2022-07-29 14:40:20.835000,FR0014002WK3,Corporate bond,DIRECTION GENERALE DU TRESOR,0,2031-11-25,100000,EUR,88.932,PERC,,BTFE,BTFE,BLOOMBERG,1,D2C,MTF,DBFTFB,25624daf-0228-4a26-95d4-fdbf1c3bc011
2022-07-29 14:29:57.682000,FR0014002WK3,Corporate bond,DIRECTION GENERALE DU TRESOR,0,2031-11-25,2000000,EUR,88.939,PERC,,BTFE,BTFE,BLOOMBERG,1,D2C,MTF,DBFTFB,52ece380-8977-44c1-916c-f6fe9554d95d
2022-07-29 14:06:36.410000,FR0014002WK3,Corporate bond,DIRECTION GENERALE DU TRESOR,0,2031-11-25,130000,EUR,88.904,PERC,,BTFE,BTFE,BLOOMBERG,1,D2C,MTF,DBFTFB,e738c5f2-c4e6-4ff4-9121-dc5cc0551f35
2022-07-29 14:01:55.377000,FR0014002WK3,Corporate bond,DIRECTION GENERALE DU TRESOR,0,2031-11-25,90000,EUR,88.895,PERC,,BTFE,BTFE,BLOOMBERG,1,D2C,MTF,DBFTFB,cff795e9-c6f4-4b39-a213-3a07f6994a55
2022-07-29 12:42:40.918000,FR0014002WK3,Corporate bond,DIRECTION GENERALE DU TRESOR,0,2031-11-25,106,EUR,88.575,PERC,,BTFE,BTFE,BLOOMBERG,1,D2C,MTF,DBFTFB,771e1fe6-e2b2-4e59-8ba4-77fda0da83d4
2022-07-29 12:42:27.310000,FR0014002WK3,Corporate bond,DIRECTION GENERALE DU TRESOR,0,2031-11-25,2967,EUR,88.551,PERC,,BTFE,BTFE,BLOOMBERG,1,D2C,MTF,DBFTFB,d0cdc055-dde4-4e11-a97c-0bff495806f9
2022-07-29 09:58:58.702000,FR0014002WK3,Corporate bond,DIRECTION GENERALE DU TRESOR,0,2031-11-25,1400000,EUR,88.402,PERC,,BTFE,BTFE,BLOOMBERG,1,D2C,MTF,DBFTFB,40b9c110-a3a1-455a-8b94-dc797fa17ec8
2022-07-29 09:12:22.033000,FR0014002WK3,Corporate bond,DIRECTION GENERALE DU TRESOR,0,2031-11-25,700000,EUR,88.499,PERC,,BTFE,BTFE,BLOOMBERG,1,D2C,MTF,DBFTFB,80450863-b333-499d-abf6-31fe77101c74
2022-07-29 07:11:41.119000,FR0014002WK3,Corporate bond,DIRECTION GENERALE DU TRESOR,0,2031-11-25,500000,EUR,88.97,PERC,,BTFE,BTFE,BLOOMBERG,1,D2C,MTF,DBFTFB,a7755b4c-0b02-482c-80f6-859684d2d778
2022-07-28 15:15:11.946000,FR0014002WK3,Corporate bond,DIRECTION GENERALE DU TRESOR,0,2031-11-25,20000,EUR,89.261,PERC,,BTFE,BTFE,BLOOMBERG,1,D2C,MTF,DBFTFB,dc297102-38e0-48f7-aff3-76df859622ae
2022-07-28 13:26:45.382000,FR0014002WK3,Corporate bond,DIRECTION GENERALE DU TRESOR,0,2031-11-25,2000,EUR,88.945,PERC,,BTFE,BTFE,BLOOMBERG,1,D2C,MTF,DBFTFB,7e59bbc1-9520-4059-af10-600d36efb954
2022-07-28 12:50:45.230000,FR0014002WK3,Corporate bond,DIRECTION GENERALE DU TRESOR,0,2031-11-25,330000,EUR,88.602,PERC,,BTFE,BTFE,BLOOMBERG,1,D2C,MTF,DBFTFB,9372aebc-176d-436b-89bc-3c8c68ac409f
2022-07-28 12:18:33.685000,FR0014002WK3,Corporate bond,DIRECTION GENERALE DU TRESOR,0,2031-11-25,1154,EUR,88.087,PERC,,BTFE,BTFE,BLOOMBERG,1,D2C,MTF,DBFTFB,ae99cab6-276d-4fed-851b-292622320701
2022-07-28 12:18:32.834000,FR0014002WK3,Corporate bond,DIRECTION GENERALE DU TRESOR,0,2031-11-25,3251,EUR,88.068,PERC,,BTFE,BTFE,BLOOMBERG,1,D2C,MTF,DBFTFB,4c3b99b0-aafa-488e-a915-7099e356dbeb
2022-07-28 11:54:38.901000,FR0014002WK3,Corporate bond,DIRECTION GENERALE DU TRESOR,0,2031-11-25,327000,EUR,88.014,PERC,,BTFE,BTFE,BLOOMBERG,1,D2C,MTF,DBFTFB,2ebd27ea-b102-4b91-a427-e0d1ea4f7acb
2022-07-28 11:19:06.813000,FR0014002WK3,Corporate bond,DIRECTION GENERALE DU TRESOR,0,2031-11-25,2000,EUR,87.952,PERC,,BTFE,BTFE,BLOOMBERG,1,D2C,MTF,DBFTFB,4ae08c22-439c-4dfb-a28f-b82e3418b98a
2022-07-28 10:10:20.414000,FR0014002WK3,Corporate bond,DIRECTION GENERALE DU TRESOR,0,2031-11-25,2000000,EUR,87.975,PERC,,BTFE,BTFE,BLOOMBERG,1,D2C,MTF,DBFTFB,a584560d-82d3-454c-af2e-e76ba1eba49a
2022-07-28 10:06:34.496000,FR0014002WK3,Corporate bond,DIRECTION GENERALE DU TRESOR,0,2031-11-25,2000000,EUR,87.94,PERC,,BTFE,BTFE,BLOOMBERG,1,D2C,MTF,DBFTFB,95ade268-5964-40e1-96f8-22efcfbc7b89
2022-07-27 14:58:32.001000,FR0014002WK3,Corporate bond,DIRECTION GENERALE DU TRESOR,0,2031-11-25,2400000,EUR,88.041,PERC,,BTFE,BTFE,BLOOMBERG,1,D2C,MTF,DBFTFB,52556b36-467f-4c6c-be36-81c01c5abac4
2022-07-27 14:50:08.730000,FR0014002WK3,Corporate bond,DIRECTION GENERALE DU TRESOR,0,2031-11-25,92000,EUR,88.021,PERC,,BTFE,BTFE,BLOOMBERG,1,D2C,MTF,DBFTFB,88f768ee-b429-4296-b14e-2cef788bd4e9
2022-07-27 14:50:08.377000,FR0014002WK3,Corporate bond,DIRECTION GENERALE DU TRESOR,0,2031-11-25,39000,EUR,88.021,PERC,,BTFE,BTFE,BLOOMBERG,1,D2C,MTF,DBFTFB,030ae38d-c21d-4d98-81d5-ae29ebabb307
2022-07-27 13:40:43.323000,FR0014002WK3,Corporate bond,DIRECTION GENERALE DU TRESOR,0,2031-11-25,1975000,EUR,88.04,PERC,,BTFE,BTFE,BLOOMBERG,1,D2C,MTF,DBFTFB,f0048e58-9611-463f-b35d-8db6fb383423
2022-07-27 13:15:59.040000,FR0014002WK3,Corporate bond,DIRECTION GENERALE DU TRESOR,0,2031-11-25,4343,EUR,88.039,PERC,,BTFE,BTFE,BLOOMBERG,1,D2C,MTF,DBFTFB,166d41a8-b89a-4a4d-9301-f7a6af43de45
2022-07-27 13:15:44.708000,FR0014002WK3,Corporate bond,DIRECTION GENERALE DU TRESOR,0,2031-11-25,9776,EUR,88.033,PERC,,BTFE,BTFE,BLOOMBERG,1,D2C,MTF,DBFTFB,b382ea95-b954-4ae6-b74c-dcb73f0f3ce5
2022-07-27 09:43:50.951000,FR0014002WK3,Corporate bond,DIRECTION GENERALE DU TRESOR,0,2031-11-25,2068000,EUR,87.814,PERC,TPAC,BTFE,BTFE,BLOOMBERG,1,D2C,MTF,DBFTFB,418d4639-0559-4e9a-bab7-6ce90efce51e
2022-07-26 12:54:57.039000,FR0014002WK3,Corporate bond,DIRECTION GENERALE DU TRESOR,0,2031-11-25,338000,EUR,88.03,PERC,,BTFE,BTFE,BLOOMBERG,1,D2C,MTF,DBFTFB,e8417a44-1c9b-4a0a-bcb3-bc2df41c9966
2022-07-26 12:47:36.375000,FR0014002WK3,Corporate bond,DIRECTION GENERALE DU TRESOR,0,2031-11-25,102000,EUR,88.143,PERC,,BTFE,BTFE,BLOOMBERG,1,D2C,MTF,DBFTFB,cc295ef5-0987-4a4d-b904-090404885a10
2022-07-26 12:19:53.809000,FR0014002WK3,Corporate bond,DIRECTION GENERALE DU TRESOR,0,2031-11-25,1751,EUR,88.266,PERC,,BTFE,BTFE,BLOOMBERG,1,D2C,MTF,DBFTFB,51dad35b-dffc-479e-8acc-2a704b5efa68
2022-07-26 12:19:39.054000,FR0014002WK3,Corporate bond,DIRECTION GENERALE DU TRESOR,0,2031-11-25,15589,EUR,88.216,PERC,,BTFE,BTFE,BLOOMBERG,1,D2C,MTF,DBFTFB,71bb69ac-3ec4-4494-9741-c137ddd4b526
2022-07-26 10:08:10.472000,FR0014002WK3,Corporate bond,DIRECTION GENERALE DU TRESOR,0,2031-11-25,49000,EUR,87.851,PERC,,BTFE,BTFE,BLOOMBERG,1,D2C,MTF,DBFTFB,b43a4812-2e50-4c06-b133-35ca37d68d32
2022-07-26 10:07:52.852000,FR0014002WK3,Corporate bond,DIRECTION GENERALE DU TRESOR,0,2031-11-25,3000,EUR,87.839,PERC,,BTFE,BTFE,BLOOMBERG,1,D2C,MTF,DBFTFB,8654f6ab-3727-47cd-aa96-d51b18127872
2022-07-25 13:57:33.557000,FR0014002WK3,Corporate bond,DIRECTION GENERALE DU TRESOR,0,2031-11-25,404000,EUR,86.966,PERC,,BTFE,BTFE,BLOOMBERG,1,D2C,MTF,DBFTFB,183a5f23-3d33-4491-ba49-2f04ba0666ae
2022-07-25 13:16:12.338000,FR0014002WK3,Corporate bond,DIRECTION GENERALE DU TRESOR,0,2031-11-25,97000,EUR,86.905,PERC,,BTFE,BTFE,BLOOMBERG,1,D2C,MTF,DBFTFB,91ca739f-377a-4c00-ab35-cf656117dd36
2022-07-25 12:35:24.710000,FR0014002WK3,Corporate bond,DIRECTION GENERALE DU TRESOR,0,2031-11-25,2563,EUR,86.949,PERC,,BTFE,BTFE,BLOOMBERG,1,D2C,MTF,DBFTFB,41dbdb59-beb1-48fa-b8b3-57fddb00f40f
2022-07-25 12:35:10.994000,FR0014002WK3,Corporate bond,DIRECTION GENERALE DU TRESOR,0,2031-11-25,1468,EUR,86.981,PERC,,BTFE,BTFE,BLOOMBERG,1,D2C,MTF,DBFTFB,59f80d69-8445-4304-914b-6e647d8b8a7a
2022-07-22 14:21:35.121000,FR0014002WK3,Corporate bond,DIRECTION GENERALE DU TRESOR,0,2031-11-25,1000000,EUR,87.252,PERC,,BTFE,BTFE,BLOOMBERG,1,D2C,MTF,DBFTFB,5e8e130b-89d7-4aae-bdf5-d1dac9684033
2022-07-22 13:48:16.057000,FR0014002WK3,Corporate bond,DIRECTION GENERALE DU TRESOR,0,2031-11-25,1014,EUR,87.652,PERC,,BTFE,BTFE,BLOOMBERG,1,D2C,MTF,DBFTFB,3d8c6000-ee10-4a1e-ba24-efaa3f7ab781
2022-07-22 13:48:02.532000,FR0014002WK3,Corporate bond,DIRECTION GENERALE DU TRESOR,0,2031-11-25,4276,EUR,87.612,PERC,,BTFE,BTFE,BLOOMBERG,1,D2C,MTF,DBFTFB,0b07c9fb-1323-465b-a33d-6a657851d27f
2022-07-22 10:39:04.840000,FR0014002WK3,Corporate bond,DIRECTION GENERALE DU TRESOR,0,2031-11-25,105000,EUR,87.045,PERC,,BTFE,BTFE,BLOOMBERG,1,D2C,MTF,DBFTFB,a67c6c51-ff66-440c-a724-8c86b379bd7e
2022-07-21 15:17:25.913000,FR0014002WK3,Corporate bond,DIRECTION GENERALE DU TRESOR,0,2031-11-25,200000,EUR,85.821,PERC,,BTFE,BTFE,BLOOMBERG,1,D2C,MTF,DBFTFB,ec29bda2-c12c-443d-ac76-a7a9f93896c9
2022-07-21 13:02:49.700000,FR0014002WK3,Corporate bond,DIRECTION GENERALE DU TRESOR,0,2031-11-25,181000,EUR,84.898,PERC,,BTFE,BTFE,BLOOMBERG,1,D2C,MTF,DBFTFB,71da9d1c-602b-48b9-b840-c09c88b29d4c
2022-07-21 12:51:42.268000,FR0014002WK3,Corporate bond,DIRECTION GENERALE DU TRESOR,0,2031-11-25,2997,EUR,84.756,PERC,,BTFE,BTFE,BLOOMBERG,1,D2C,MTF,DBFTFB,db68a9c3-b391-4bb3-8d1d-61b05a58f77d
2022-07-21 12:48:22.996000,FR0014002WK3,Corporate bond,DIRECTION GENERALE DU TRESOR,0,2031-11-25,10000,EUR,84.967,PERC,,BTFE,BTFE,BLOOMBERG,1,D2C,MTF,DBFTFB,b293f2a2-c372-4e63-9247-ec064eccbf3d
2022-07-20 14:18:18.405000,FR0014002WK3,Corporate bond,DIRECTION GENERALE DU TRESOR,0,2031-11-25,600000,EUR,85.701,PERC,,BTFE,BTFE,BLOOMBERG,1,D2C,MTF,DBFTFB,daa602d2-57bb-4ab7-aea2-b3181a002660
2022-07-20 12:49:00.522000,FR0014002WK3,Corporate bond,DIRECTION GENERALE DU TRESOR,0,2031-11-25,4067,EUR,85.984,PERC,,BTFE,BTFE,BLOOMBERG,1,D2C,MTF,DBFTFB,db1c56ef-73e3-4f19-bf5e-e5fab1952777
2022-07-20 12:48:46.484000,FR0014002WK3,Corporate bond,DIRECTION GENERALE DU TRESOR,0,2031-11-25,4634,EUR,85.993,PERC,,BTFE,BTFE,BLOOMBERG,1,D2C,MTF,DBFTFB,072c257f-56bc-4306-b4b2-d84e89447b2f
2022-07-19 15:16:29.959000,FR0014002WK3,Corporate bond,DIRECTION GENERALE DU TRESOR,0,2031-11-25,300000,EUR,85.545,PERC,,BTFE,BTFE,BLOOMBERG,1,D2C,MTF,DBFTFB,f233ee9c-be91-492a-9d8a-0bda75d55978
2022-07-19 13:38:53.413000,FR0014002WK3,Corporate bond,DIRECTION GENERALE DU TRESOR,0,2031-11-25,18000,EUR,85.61,PERC,,BTFE,BTFE,BLOOMBERG,1,D2C,MTF,DBFTFB,833581ea-27bb-4386-8443-27aa2adeff83
2022-07-19 12:51:27.465000,FR0014002WK3,Corporate bond,DIRECTION GENERALE DU TRESOR,0,2031-11-25,6204,EUR,85.564,PERC,,BTFE,BTFE,BLOOMBERG,1,D2C,MTF,DBFTFB,d0a4bf11-89af-40d9-94d2-f018bc0a363c
2022-07-19 12:51:12.966000,FR0014002WK3,Corporate bond,DIRECTION GENERALE DU TRESOR,0,2031-11-25,69,EUR,85.564,PERC,,BTFE,BTFE,BLOOMBERG,1,D2C,MTF,DBFTFB,d61a35fc-559f-4e70-928d-26ff495cb0d5
2022-07-19 11:27:23.181000,FR0014002WK3,Corporate bond,DIRECTION GENERALE DU TRESOR,0,2031-11-25,308000,EUR,85.749,PERC,,BTFE,BTFE,BLOOMBERG,1,D2C,MTF,DBFTFB,3194dbcf-053e-4393-9cf3-aa1c2184a50d
2022-07-19 10:19:06.018000,FR0014002WK3,Corporate bond,DIRECTION GENERALE DU TRESOR,0,2031-11-25,85000,EUR,85.608,PERC,,BTFE,BTFE,BLOOMBERG,1,D2C,MTF,DBFTFB,06b0d236-2229-49a8-a6de-73c600172431
2022-07-19 06:45:35.044560,FR0014002WK3,Corporate bond,DIRECTION GENERALE DU TRESOR,0,2031-11-25,76100000,EUR,86.137669,PERC,IDAF SIZE,BTFE,BTFE,BLOOMBERG,9,D2C,MTF,DBFTFB,
2022-07-18 15:14:53.201000,FR0014002WK3,Corporate bond,DIRECTION GENERALE DU TRESOR,0,2031-11-25,190000,EUR,85.746,PERC,,BTFE,BTFE,BLOOMBERG,1,D2C,MTF,DBFTFB,6d61ad6a-e992-4b1c-b707-6adc0cd8aaef
2022-07-18 13:10:39.620000,FR0014002WK3,Corporate bond,DIRECTION GENERALE DU TRESOR,0,2031-11-25,100000,EUR,85.674,PERC,,BTFE,BTFE,BLOOMBERG,1,D2C,MTF,DBFTFB,5833eb66-b051-4264-aaa2-8cd870a39aee
2022-07-18 12:03:27.557000,FR0014002WK3,Corporate bond,DIRECTION GENERALE DU TRESOR,0,2031-11-25,1314,EUR,85.664,PERC,,BTFE,BTFE,BLOOMBERG,1,D2C,MTF,DBFTFB,b2bea2d1-21f3-4b0c-b4ee-d99a11754ecc
2022-07-18 12:03:14.088000,FR0014002WK3,Corporate bond,DIRECTION GENERALE DU TRESOR,0,2031-11-25,3898,EUR,85.67,PERC,,BTFE,BTFE,BLOOMBERG,1,D2C,MTF,DBFTFB,3c485e7d-acfe-4a5e-b863-f9396ae1efa1
2022-07-18 08:27:15.081000,FR0014002WK3,Corporate bond,DIRECTION GENERALE DU TRESOR,0,2031-11-25,2000000,EUR,85.928,PERC,,BTFE,BTFE,BLOOMBERG,1,D2C,MTF,DBFTFB,b44726eb-3d9c-43e0-9310-b5ce0d917017
2022-07-18 08:26:20.726000,FR0014002WK3,Corporate bond,DIRECTION GENERALE DU TRESOR,0,2031-11-25,2000000,EUR,85.915,PERC,,BTFE,BTFE,BLOOMBERG,1,D2C,MTF,DBFTFB,b571bc56-ac1a-4d90-addd-fbc87a12f474
2022-07-15 12:11:23.739000,FR0014002WK3,Corporate bond,DIRECTION GENERALE DU TRESOR,0,2031-11-25,36739,EUR,86.125,PERC,,BTFE,BTFE,BLOOMBERG,1,D2C,MTF,DBFTFB,e1e06bc7-2eae-4c59-8f92-a3ddabbcb962
2022-07-15 11:38:09.993000,FR0014002WK3,Corporate bond,DIRECTION GENERALE DU TRESOR,0,2031-11-25,228393,EUR,86.041,PERC,,BTFE,BTFE,BLOOMBERG,1,D2C,MTF,DBFTFB,f4e16aa9-ae4a-4362-976d-052a14561ad0
2022-07-15 07:39:09.482000,FR0014002WK3,Corporate bond,DIRECTION GENERALE DU TRESOR,0,2031-11-25,2000000,EUR,86.409,PERC,,BTFE,BTFE,BLOOMBERG,1,D2C,MTF,DBFTFB,4869dd7d-9c15-41f1-89ca-15b8ec4d17a9
2022-07-15 07:38:07.709000,FR0014002WK3,Corporate bond,DIRECTION GENERALE DU TRESOR,0,2031-11-25,2000000,EUR,86.405,PERC,,BTFE,BTFE,BLOOMBERG,1,D2C,MTF,DBFTFB,350d0f37-073f-4a46-a405-667fd2e31483
2022-07-14 15:15:16.345000,FR0014002WK3,Corporate bond,DIRECTION GENERALE DU TRESOR,0,2031-11-25,20000,EUR,85.779,PERC,,BTFE,BTFE,BLOOMBERG,1,D2C,MTF,DBFTFB,0e30dc75-019b-4803-b02f-db3f649087e5
2022-07-14 13:34:27.293000,FR0014002WK3,Corporate bond,DIRECTION GENERALE DU TRESOR,0,2031-11-25,41000,EUR,85.583,PERC,,BTFE,BTFE,BLOOMBERG,1,D2C,MTF,DBFTFB,f89f9b59-b347-415a-b1ec-1f52c1b76a10
2022-07-14 13:14:36.883000,FR0014002WK3,Corporate bond,DIRECTION GENERALE DU TRESOR,0,2031-11-25,2486,EUR,85.591,PERC,,BTFE,BTFE,BLOOMBERG,1,D2C,MTF,DBFTFB,b573f1f0-d570-437b-84bb-143e669421e5
2022-07-14 13:14:22.203000,FR0014002WK3,Corporate bond,DIRECTION GENERALE DU TRESOR,0,2031-11-25,815,EUR,85.596,PERC,,BTFE,BTFE,BLOOMBERG,1,D2C,MTF,DBFTFB,d8a9e436-e532-4e21-8d84-a2e04d222563
2022-07-14 09:31:07.000000,FR0014002WK3,Corporate bond,DIRECTION GENERALE DU TRESOR,0,2031-11-25,1671368,EUR,85.487,PERC,,BTFE,BTFE,BLOOMBERG,1,D2C,MTF,DBFTFB,ba00e603-8970-4221-8512-4e1c37261c71
2022-07-14 08:41:22.677000,FR0014002WK3,Corporate bond,DIRECTION GENERALE DU TRESOR,0,2031-11-25,15000,EUR,85.404,PERC,,BTFE,BTFE,BLOOMBERG,1,D2C,MTF,DBFTFB,0b287c2a-881b-4bf6-bf2b-60338471388d
2022-07-13 13:22:17.585000,FR0014002WK3,Corporate bond,DIRECTION GENERALE DU TRESOR,0,2031-11-25,2000000,EUR,85.808,PERC,,BTFE,BTFE,BLOOMBERG,1,D2C,MTF,DBFTFB,fb42a3a3-09ab-4f35-b79d-99ebfc5d1be9
2022-07-13 13:17:59.850000,FR0014002WK3,Corporate bond,DIRECTION GENERALE DU TRESOR,0,2031-11-25,2000000,EUR,85.908,PERC,,BTFE,BTFE,BLOOMBERG,1,D2C,MTF,DBFTFB,6eacced0-5050-4e52-8898-7dc9495c0a8f
2022-07-13 13:08:47.920000,FR0014002WK3,Corporate bond,DIRECTION GENERALE DU TRESOR,0,2031-11-25,268000,EUR,85.816,PERC,,BTFE,BTFE,BLOOMBERG,1,D2C,MTF,DBFTFB,fb92901e-d79c-4352-8f39-15417397cbc6
2022-07-13 12:44:07.933000,FR0014002WK3,Corporate bond,DIRECTION GENERALE DU TRESOR,0,2031-11-25,787,EUR,85.847,PERC,,BTFE,BTFE,BLOOMBERG,1,D2C,MTF,DBFTFB,ece59221-8e7a-4f51-b4ea-6908ba441c73
2022-07-13 12:43:53.750000,FR0014002WK3,Corporate bond,DIRECTION GENERALE DU TRESOR,0,2031-11-25,11444,EUR,85.836,PERC,,BTFE,BTFE,BLOOMBERG,1,D2C,MTF,DBFTFB,699a05fc-07a5-4dde-8034-cb1c2d15ae2e
2022-07-13 12:39:49.754000,FR0014002WK3,Corporate bond,DIRECTION GENERALE DU TRESOR,0,2031-11-25,2000000,EUR,85.87,PERC,,BTFE,BTFE,BLOOMBERG,1,D2C,MTF,DBFTFB,302f2721-305e-4091-bb05-426b8533cd62
2022-07-13 12:38:38.962000,FR0014002WK3,Corporate bond,DIRECTION GENERALE DU TRESOR,0,2031-11-25,2000000,EUR,85.868,PERC,,BTFE,BTFE,BLOOMBERG,1,D2C,MTF,DBFTFB,d2c541b3-6720-488e-8864-e880b78d353e
2022-07-13 09:44:10.430000,FR0014002WK3,Corporate bond,DIRECTION GENERALE DU TRESOR,0,2031-11-25,1000000,EUR,86.145,PERC,,BTFE,BTFE,BLOOMBERG,1,D2C,MTF,DBFTFB,f1ada05b-6dac-46c8-9810-393de8eb65e2
2022-07-13 08:54:57.467000,FR0014002WK3,Corporate bond,DIRECTION GENERALE DU TRESOR,0,2031-11-25,1755000,EUR,86.181,PERC,,BTFE,BTFE,BLOOMBERG,1,D2C,MTF,DBFTFB,798411f2-8825-4fa9-bc12-1d939c7f6c67
2022-07-13 08:34:19.475000,FR0014002WK3,Corporate bond,DIRECTION GENERALE DU TRESOR,0,2031-11-25,2000000,EUR,86.099,PERC,,BTFE,BTFE,BLOOMBERG,1,D2C,MTF,DBFTFB,7cf435a4-e997-416f-8da0-05c8ed17aba4
2022-07-13 08:31:18.338000,FR0014002WK3,Corporate bond,DIRECTION GENERALE DU TRESOR,0,2031-11-25,2000000,EUR,86.136,PERC,,BTFE,BTFE,BLOOMBERG,1,D2C,MTF,DBFTFB,0524e79a-bedf-441b-9c40-12b39d115977
2022-07-12 15:15:02.958000,FR0014002WK3,Corporate bond,DIRECTION GENERALE DU TRESOR,0,2031-11-25,630000,EUR,86.543,PERC,,BTFE,BTFE,BLOOMBERG,1,D2C,MTF,DBFTFB,ac7b5fb9-cd79-422b-a380-0918b7bdc7b8
2022-07-12 12:45:22.095000,FR0014002WK3,Corporate bond,DIRECTION GENERALE DU TRESOR,0,2031-11-25,31995,EUR,86.254,PERC,,BTFE,BTFE,BLOOMBERG,1,D2C,MTF,DBFTFB,92ee2f7a-f18d-4f08-bdc3-295bff0c4157
2022-07-12 12:45:08.726000,FR0014002WK3,Corporate bond,DIRECTION GENERALE DU TRESOR,0,2031-11-25,3911,EUR,86.242,PERC,,BTFE,BTFE,BLOOMBERG,1,D2C,MTF,DBFTFB,a890781d-6697-48ef-96e8-ba1bf22980b2
2022-07-12 12:01:00.969000,FR0014002WK3,Corporate bond,DIRECTION GENERALE DU TRESOR,0,2031-11-25,2000000,EUR,86.192,PERC,,BTFE,BTFE,BLOOMBERG,1,D2C,MTF,DBFTFB,c937e382-d551-42e0-84d1-0782a3a29f4b
2022-07-12 12:00:55.394000,FR0014002WK3,Corporate bond,DIRECTION GENERALE DU TRESOR,0,2031-11-25,2000000,EUR,86.169,PERC,,BTFE,BTFE,BLOOMBERG,1,D2C,MTF,DBFTFB,e77fffca-49bc-4531-a2f0-2dd0251dc76f
2022-07-12 10:13:18.089000,FR0014002WK3,Corporate bond,DIRECTION GENERALE DU TRESOR,0,2031-11-25,2000000,EUR,86.39,PERC,,BTFE,BTFE,BLOOMBERG,1,D2C,MTF,DBFTFB,58b6add6-e774-48f2-a9a9-0420d3015986
2022-07-12 10:13:04.629000,FR0014002WK3,Corporate bond,DIRECTION GENERALE DU TRESOR,0,2031-11-25,2000000,EUR,86.385,PERC,,BTFE,BTFE,BLOOMBERG,1,D2C,MTF,DBFTFB,8dfb9434-a63c-4676-86a5-f932eaac2433
2022-07-12 09:28:34.253000,FR0014002WK3,Corporate bond,DIRECTION GENERALE DU TRESOR,0,2031-11-25,2000000,EUR,86.417,PERC,,BTFE,BTFE,BLOOMBERG,1,D2C,MTF,DBFTFB,3e1a0947-9546-4ceb-a9b2-5b6deb760ecf
2022-07-12 09:28:23.251000,FR0014002WK3,Corporate bond,DIRECTION GENERALE DU TRESOR,0,2031-11-25,2000000,EUR,86.413,PERC,,BTFE,BTFE,BLOOMBERG,1,D2C,MTF,DBFTFB,6dbeff14-d7c7-441a-9a25-e249c47e1fac
2022-07-12 08:55:01.291000,FR0014002WK3,Corporate bond,DIRECTION GENERALE DU TRESOR,0,2031-11-25,2000000,EUR,86.243,PERC,,BTFE,BTFE,BLOOMBERG,1,D2C,MTF,DBFTFB,85fae0e8-c79b-4132-9edc-ca064f3518d0
2022-07-12 08:54:54.187000,FR0014002WK3,Corporate bond,DIRECTION GENERALE DU TRESOR,0,2031-11-25,2000000,EUR,86.239,PERC,,BTFE,BTFE,BLOOMBERG,1,D2C,MTF,DBFTFB,29033d54-f4bd-480d-9acc-38300774b321
2022-07-12 08:52:42.758000,FR0014002WK3,Corporate bond,DIRECTION GENERALE DU TRESOR,0,2031-11-25,2000000,EUR,86.158,PERC,,BTFE,BTFE,BLOOMBERG,1,D2C,MTF,DBFTFB,423599a3-858f-4e4a-b52a-f22904f4439d
2022-07-12 08:52:19.880000,FR0014002WK3,Corporate bond,DIRECTION GENERALE DU TRESOR,0,2031-11-25,2000000,EUR,86.163,PERC,,BTFE,BTFE,BLOOMBERG,1,D2C,MTF,DBFTFB,c98f1a30-04e3-4349-bf34-ad56d02e7872
2022-07-12 08:43:41.864000,FR0014002WK3,Corporate bond,DIRECTION GENERALE DU TRESOR,0,2031-11-25,2250000,EUR,86.215,PERC,,BTFE,BTFE,BLOOMBERG,1,D2C,MTF,DBFTFB,1ef24303-4f73-45bd-a392-6cab3435722b
2022-07-12 08:42:05.328000,FR0014002WK3,Corporate bond,DIRECTION GENERALE DU TRESOR,0,2031-11-25,2000000,EUR,86.156,PERC,,BTFE,BTFE,BLOOMBERG,1,D2C,MTF,DBFTFB,02c4191f-5d28-485a-8d36-23e6b37748a8
2022-07-12 08:34:04.442000,FR0014002WK3,Corporate bond,DIRECTION GENERALE DU TRESOR,0,2031-11-25,1000000,EUR,86.08,PERC,,BTFE,BTFE,BLOOMBERG,1,D2C,MTF,DBFTFB,afabba8a-a18b-47b9-a61c-34f0b8f3dc12
2022-07-12 08:33:46.962000,FR0014002WK3,Corporate bond,DIRECTION GENERALE DU TRESOR,0,2031-11-25,1000000,EUR,86.089,PERC,,BTFE,BTFE,BLOOMBERG,1,D2C,MTF,DBFTFB,f2f1bbb1-5934-4252-99a4-852e28981bef
2022-07-12 08:07:36.820000,FR0014002WK3,Corporate bond,DIRECTION GENERALE DU TRESOR,0,2031-11-25,2500000,EUR,85.931,PERC,,BTFE,BTFE,BLOOMBERG,1,D2C,MTF,DBFTFB,a5b90816-ffbb-423a-b906-fb6185f24011
2022-07-12 08:07:25.785000,FR0014002WK3,Corporate bond,DIRECTION GENERALE DU TRESOR,0,2031-11-25,2500000,EUR,85.937,PERC,,BTFE,BTFE,BLOOMBERG,1,D2C,MTF,DBFTFB,c73a842a-6361-4611-bc86-d33fda288e65
2022-07-12 07:56:40.833000,FR0014002WK3,Corporate bond,DIRECTION GENERALE DU TRESOR,0,2031-11-25,1000000,EUR,85.88,PERC,,BTFE,BTFE,BLOOMBERG,1,D2C,MTF,DBFTFB,e7ad5460-b9f0-43ed-9aed-4da0600b0448
2022-07-12 07:40:21.426000,FR0014002WK3,Corporate bond,DIRECTION GENERALE DU TRESOR,0,2031-11-25,1000000,EUR,85.851,PERC,,BTFE,BTFE,BLOOMBERG,1,D2C,MTF,DBFTFB,9d957ff0-c38e-4649-b658-96fd17636237
2022-07-12 07:40:16.084000,FR0014002WK3,Corporate bond,DIRECTION GENERALE DU TRESOR,0,2031-11-25,1000000,EUR,85.855,PERC,,BTFE,BTFE,BLOOMBERG,1,D2C,MTF,DBFTFB,cd9589a7-9656-425b-8994-26b9b65118af
2022-07-12 07:27:41.964000,FR0014002WK3,Corporate bond,DIRECTION GENERALE DU TRESOR,0,2031-11-25,1250000,EUR,85.761,PERC,,BTFE,BTFE,BLOOMBERG,1,D2C,MTF,DBFTFB,ed5f9784-b432-4039-911c-b1d98c765618
2022-07-12 07:18:05.373000,FR0014002WK3,Corporate bond,DIRECTION GENERALE DU TRESOR,0,2031-11-25,2000000,EUR,85.733,PERC,,BTFE,BTFE,BLOOMBERG,1,D2C,MTF,DBFTFB,e5c2c483-83d0-43d4-b0bf-d767700eca4d
2022-07-12 07:00:35.026000,FR0014002WK3,Corporate bond,DIRECTION GENERALE DU TRESOR,0,2031-11-25,200000,EUR,85.607,PERC,,BTFE,BTFE,BLOOMBERG,1,D2C,MTF,DBFTFB,a36b9ad9-f1db-4295-98be-487a203e94f1
2022-07-12 06:37:07.647650,FR0014002WK3,Corporate bond,DIRECTION GENERALE DU TRESOR,0,2031-11-25,22473551,EUR,85.827503,PERC,IDAF LRGS,BTFE,BTFE,BLOOMBERG,2,D2C,MTF,DBFTFB,
2022-07-11 15:23:33.680000,FR0014002WK3,Corporate bond,DIRECTION GENERALE DU TRESOR,0,2031-11-25,500000,EUR,85.435,PERC,,BTFE,BTFE,BLOOMBERG,1,D2C,MTF,DBFTFB,57e5259c-947f-4a1a-896f-b45f6beaa0c9
2022-07-11 13:37:16.049000,FR0014002WK3,Corporate bond,DIRECTION GENERALE DU TRESOR,0,2031-11-25,44000,EUR,85.345,PERC,,BTFE,BTFE,BLOOMBERG,1,D2C,MTF,DBFTFB,b1108f6b-3422-4db5-91a4-d4a9dc201fca
2022-07-11 13:16:26.996000,FR0014002WK3,Corporate bond,DIRECTION GENERALE DU TRESOR,0,2031-11-25,350000,EUR,85.322,PERC,,BTFE,BTFE,BLOOMBERG,1,D2C,MTF,DBFTFB,71f1e1c6-4ec0-40f7-87fa-b26627fa814f
2022-07-11 12:55:25.820000,FR0014002WK3,Corporate bond,DIRECTION GENERALE DU TRESOR,0,2031-11-25,2500,EUR,85.229,PERC,,BTFE,BTFE,BLOOMBERG,1,D2C,MTF,DBFTFB,9e48e9ab-b9fc-4975-9f5d-b5e98b68448f
2022-07-11 12:24:52.383000,FR0014002WK3,Corporate bond,DIRECTION GENERALE DU TRESOR,0,2031-11-25,1075000,EUR,85.21,PERC,,BTFE,BTFE,BLOOMBERG,1,D2C,MTF,DBFTFB,0bcc495f-46ee-47df-b432-7d101291d105
2022-07-11 11:01:10.227000,FR0014002WK3,Corporate bond,DIRECTION GENERALE DU TRESOR,0,2031-11-25,2044,EUR,85.059,PERC,,BTFE,BTFE,BLOOMBERG,1,D2C,MTF,DBFTFB,88dae6f4-dbe4-4565-82c4-f03786294256
2022-07-11 11:00:57.222000,FR0014002WK3,Corporate bond,DIRECTION GENERALE DU TRESOR,0,2031-11-25,2321,EUR,85.066,PERC,,BTFE,BTFE,BLOOMBERG,1,D2C,MTF,DBFTFB,4a961402-f7ce-4f79-9db5-42985e088016
2022-07-11 10:16:32.078000,FR0014002WK3,Corporate bond,DIRECTION GENERALE DU TRESOR,0,2031-11-25,750000,EUR,85.003,PERC,,BTFE,BTFE,BLOOMBERG,1,D2C,MTF,DBFTFB,09cdc9c6-1798-499b-828d-862c9ed15010
2022-07-11 10:15:09.729000,FR0014002WK3,Corporate bond,DIRECTION GENERALE DU TRESOR,0,2031-11-25,750000,EUR,84.988,PERC,,BTFE,BTFE,BLOOMBERG,1,D2C,MTF,DBFTFB,3836ddbd-29d1-434e-9843-284a98ced6a3
2022-07-11 10:10:22.650000,FR0014002WK3,Corporate bond,DIRECTION GENERALE DU TRESOR,0,2031-11-25,1500000,EUR,85.005,PERC,,BTFE,BTFE,BLOOMBERG,1,D2C,MTF,DBFTFB,a7cc65f7-17ca-475b-84d3-1e67bb715f98
2022-07-11 09:13:27.201000,FR0014002WK3,Corporate bond,DIRECTION GENERALE DU TRESOR,0,2031-11-25,2500000,EUR,85.013,PERC,,BTFE,BTFE,BLOOMBERG,1,D2C,MTF,DBFTFB,b2910151-0802-4059-947d-ebf75c465c64
2022-07-11 09:09:20.117000,FR0014002WK3,Corporate bond,DIRECTION GENERALE DU TRESOR,0,2031-11-25,2500000,EUR,85.035,PERC,,BTFE,BTFE,BLOOMBERG,1,D2C,MTF,DBFTFB,dc179cec-202b-4ce4-852f-39829e56db5e
2022-07-11 09:08:40.548000,FR0014002WK3,Corporate bond,DIRECTION GENERALE DU TRESOR,0,2031-11-25,2500000,EUR,85.025,PERC,,BTFE,BTFE,BLOOMBERG,1,D2C,MTF,DBFTFB,6009fd98-012f-4bfa-ac8a-cda5cad64a58
2022-07-11 08:24:13.280000,FR0014002WK3,Corporate bond,DIRECTION GENERALE DU TRESOR,0,2031-11-25,500000,EUR,85.208,PERC,,BTFE,BTFE,BLOOMBERG,1,D2C,MTF,DBFTFB,37cff0ee-e7a8-4c98-bc3c-5b433f502416
2022-07-11 08:16:27.597000,FR0014002WK3,Corporate bond,DIRECTION GENERALE DU TRESOR,0,2031-11-25,2000000,EUR,85.173,PERC,,BTFE,BTFE,BLOOMBERG,1,D2C,MTF,DBFTFB,cc5ab0b0-dd16-4258-b6d9-f434f069253a
2022-07-11 08:13:12.139000,FR0014002WK3,Corporate bond,DIRECTION GENERALE DU TRESOR,0,2031-11-25,2000000,EUR,85.167,PERC,,BTFE,BTFE,BLOOMBERG,1,D2C,MTF,DBFTFB,39c0f115-c512-479d-9ba1-79fb094551d4
2022-07-11 08:09:19.180000,FR0014002WK3,Corporate bond,DIRECTION GENERALE DU TRESOR,0,2031-11-25,2000000,EUR,85.164,PERC,,BTFE,BTFE,BLOOMBERG,1,D2C,MTF,DBFTFB,9af6469e-5e30-436d-a857-618095c81e18
2022-07-11 08:06:36.237000,FR0014002WK3,Corporate bond,DIRECTION GENERALE DU TRESOR,0,2031-11-25,2000000,EUR,85.147,PERC,,BTFE,BTFE,BLOOMBERG,1,D2C,MTF,DBFTFB,cd4b87e1-b265-4964-bbe1-9d47659951da
2022-07-11 07:58:13.494000,FR0014002WK3,Corporate bond,DIRECTION GENERALE DU TRESOR,0,2031-11-25,1000000,EUR,85.177,PERC,,BTFE,BTFE,BLOOMBERG,1,D2C,MTF,DBFTFB,f4abe5d9-86c2-4f3e-bc0e-ec8135b6cd08
2022-07-11 07:43:38.186000,FR0014002WK3,Corporate bond,DIRECTION GENERALE DU TRESOR,0,2031-11-25,2000000,EUR,85.126,PERC,,BTFE,BTFE,BLOOMBERG,1,D2C,MTF,DBFTFB,e29a6c9e-9edd-4404-8643-18c623ccf41c
2022-07-11 07:42:55.244000,FR0014002WK3,Corporate bond,DIRECTION GENERALE DU TRESOR,0,2031-11-25,2500000,EUR,85.076,PERC,,BTFE,BTFE,BLOOMBERG,1,D2C,MTF,DBFTFB,2749363a-8b9e-44c4-a235-7cc50fb0bd8e
2022-07-11 07:39:14.123000,FR0014002WK3,Corporate bond,DIRECTION GENERALE DU TRESOR,0,2031-11-25,500000,EUR,85.11,PERC,,BTFE,BTFE,BLOOMBERG,1,D2C,MTF,DBFTFB,3eb8a48f-c9a2-4533-893b-677a11c9f890
2022-07-11 07:29:20.935000,FR0014002WK3,Corporate bond,DIRECTION GENERALE DU TRESOR,0,2031-11-25,1000000,EUR,85.088,PERC,,BTFE,BTFE,BLOOMBERG,1,D2C,MTF,DBFTFB,da206d2a-2184-42cc-a712-ecdcef6adb7b
2022-07-08 13:19:48.407000,FR0014002WK3,Corporate bond,DIRECTION GENERALE DU TRESOR,0,2031-11-25,201000,EUR,84.944,PERC,,BTFE,BTFE,BLOOMBERG,1,D2C,MTF,DBFTFB,7ac5038d-587f-4ad8-960c-b4903af73110
2022-07-08 13:09:47.909000,FR0014002WK3,Corporate bond,DIRECTION GENERALE DU TRESOR,0,2031-11-25,2370,EUR,84.858,PERC,,BTFE,BTFE,BLOOMBERG,1,D2C,MTF,DBFTFB,9d2a39b8-5e79-459e-94a7-18ffa62ae701
2022-07-07 15:16:13.293000,FR0014002WK3,Corporate bond,DIRECTION GENERALE DU TRESOR,0,2031-11-25,10000,EUR,84.946,PERC,,BTFE,BTFE,BLOOMBERG,1,D2C,MTF,DBFTFB,ac16a25b-c3bd-4daf-8e60-0d984ca0d63e
2022-07-07 12:45:55.352000,FR0014002WK3,Corporate bond,DIRECTION GENERALE DU TRESOR,0,2031-11-25,1017,EUR,84.847,PERC,,BTFE,BTFE,BLOOMBERG,1,D2C,MTF,DBFTFB,0be7e73b-1291-453d-ac46-1515aeb54f9b
2022-07-07 12:26:43.773000,FR0014002WK3,Corporate bond,DIRECTION GENERALE DU TRESOR,0,2031-11-25,2000000,EUR,84.82,PERC,,BTFE,BTFE,BLOOMBERG,1,D2C,MTF,DBFTFB,409b47b8-e6a5-4d42-ac8c-d115906f0082
2022-07-07 12:24:12.220000,FR0014002WK3,Corporate bond,DIRECTION GENERALE DU TRESOR,0,2031-11-25,2000000,EUR,84.834,PERC,,BTFE,BTFE,BLOOMBERG,1,D2C,MTF,DBFTFB,29164087-2159-46d3-b057-e416f2ba08a6
2022-07-07 12:21:41.509000,FR0014002WK3,Corporate bond,DIRECTION GENERALE DU TRESOR,0,2031-11-25,2000000,EUR,84.885,PERC,,BTFE,BTFE,BLOOMBERG,1,D2C,MTF,DBFTFB,e33b10d3-dd94-4c32-aef6-b10920eb6560
2022-07-07 12:18:49.878000,FR0014002WK3,Corporate bond,DIRECTION GENERALE DU TRESOR,0,2031-11-25,2000000,EUR,84.928,PERC,,BTFE,BTFE,BLOOMBERG,1,D2C,MTF,DBFTFB,90f1e3c3-2758-490d-b717-9dd1c874788b
2022-07-07 12:13:50.232000,FR0014002WK3,Corporate bond,DIRECTION GENERALE DU TRESOR,0,2031-11-25,2000000,EUR,85.049,PERC,,BTFE,BTFE,BLOOMBERG,1,D2C,MTF,DBFTFB,f7096418-584a-4205-a9d2-fe3c1bf7d65a
2022-07-07 12:10:42.908000,FR0014002WK3,Corporate bond,DIRECTION GENERALE DU TRESOR,0,2031-11-25,2000000,EUR,85.01,PERC,,BTFE,BTFE,BLOOMBERG,1,D2C,MTF,DBFTFB,8a5308ec-f5cd-405a-baf2-45c6ec19b976
2022-07-07 12:03:58.164000,FR0014002WK3,Corporate bond,DIRECTION GENERALE DU TRESOR,0,2031-11-25,2000000,EUR,85.036,PERC,,BTFE,BTFE,BLOOMBERG,1,D2C,MTF,DBFTFB,35d94a55-2e6a-4e9f-9373-0797777b6bd7
2022-07-07 12:01:59.530000,FR0014002WK3,Corporate bond,DIRECTION GENERALE DU TRESOR,0,2031-11-25,2000000,EUR,85.075,PERC,,BTFE,BTFE,BLOOMBERG,1,D2C,MTF,DBFTFB,e7a12c40-e173-4bcc-899c-cfe14ad68c9b
2022-07-07 11:04:27.445000,FR0014002WK3,Corporate bond,DIRECTION GENERALE DU TRESOR,0,2031-11-25,100000,EUR,84.763,PERC,,BTFE,BTFE,BLOOMBERG,1,D2C,MTF,DBFTFB,b43c7dc8-bf1c-4ba9-8670-73ff24175891
2022-07-07 10:02:57.695000,FR0014002WK3,Corporate bond,DIRECTION GENERALE DU TRESOR,0,2031-11-25,296000,EUR,84.728,PERC,,BTFE,BTFE,BLOOMBERG,1,D2C,MTF,DBFTFB,62d6570b-70a8-4306-a7d6-da794db0bfc2
2022-07-07 08:47:20.379000,FR0014002WK3,Corporate bond,DIRECTION GENERALE DU TRESOR,0,2031-11-25,2370947,EUR,84.812,PERC,,BTFE,BTFE,BLOOMBERG,1,D2C,MTF,DBFTFB,5b42a58e-ee6e-40cd-b616-3ccb52a29202
2022-07-06 15:14:52.936000,FR0014002WK3,Corporate bond,DIRECTION GENERALE DU TRESOR,0,2031-11-25,3728,EUR,85.639,PERC,,BTFE,BTFE,BLOOMBERG,1,D2C,MTF,DBFTFB,e2e0cb06-a38d-4b0f-bed8-c4307266ef72
2022-07-06 15:02:34.795000,FR0014002WK3,Corporate bond,DIRECTION GENERALE DU TRESOR,0,2031-11-25,1000000,EUR,85.505,PERC,,BTFE,BTFE,BLOOMBERG,1,D2C,MTF,DBFTFB,45c67699-e9b7-4710-b992-a94e5f58bf66
2022-07-06 13:06:31.396000,FR0014002WK3,Corporate bond,DIRECTION GENERALE DU TRESOR,0,2031-11-25,539000,EUR,86.045,PERC,,BTFE,BTFE,BLOOMBERG,1,D2C,MTF,DBFTFB,8c41ab78-55be-42af-a5e7-ce00b7ff50a3
2022-07-06 12:49:41.174000,FR0014002WK3,Corporate bond,DIRECTION GENERALE DU TRESOR,0,2031-11-25,550,EUR,86.003,PERC,,BTFE,BTFE,BLOOMBERG,1,D2C,MTF,DBFTFB,dfc48efc-5ba6-4e96-a37c-7ead4bee200c
2022-07-06 08:38:34.067000,FR0014002WK3,Corporate bond,DIRECTION GENERALE DU TRESOR,0,2031-11-25,55093,EUR,85.167,PERC,,BTFE,BTFE,BLOOMBERG,1,D2C,MTF,DBFTFB,4cfbb796-7dda-41d4-a5e7-f4bd068b141b
2022-07-06 08:20:48.627000,FR0014002WK3,Corporate bond,DIRECTION GENERALE DU TRESOR,0,2031-11-25,50000,EUR,85.277,PERC,,BTFE,BTFE,BLOOMBERG,1,D2C,MTF,DBFTFB,2fa11dd5-9efd-4b52-86c0-7a10881246f9
2022-07-05 15:20:12.433000,FR0014002WK3,Corporate bond,DIRECTION GENERALE DU TRESOR,0,2031-11-25,1700000,EUR,85.17,PERC,,BTFE,BTFE,BLOOMBERG,1,D2C,MTF,DBFTFB,77b29f2f-8eff-4dcc-b764-126205f8236f
2022-07-05 14:40:32.349000,FR0014002WK3,Corporate bond,DIRECTION GENERALE DU TRESOR,0,2031-11-25,100000,EUR,84.905,PERC,,BTFE,BTFE,BLOOMBERG,1,D2C,MTF,DBFTFB,a53f23e7-670c-4cd0-884e-cae3516eece7
2022-07-05 14:16:15.703000,FR0014002WK3,Corporate bond,DIRECTION GENERALE DU TRESOR,0,2031-11-25,48251,EUR,85.028,PERC,,BTFE,BTFE,BLOOMBERG,1,D2C,MTF,DBFTFB,94a404bb-47fd-4c6e-87cd-f60486e81c20
2022-07-05 13:11:21.863000,FR0014002WK3,Corporate bond,DIRECTION GENERALE DU TRESOR,0,2031-11-25,925000,EUR,85.002,PERC,,BTFE,BTFE,BLOOMBERG,1,D2C,MTF,DBFTFB,f804e547-a020-4e96-a260-39f5ef2cb577
2022-07-05 06:49:08.445130,FR0014002WK3,Corporate bond,DIRECTION GENERALE DU TRESOR,0,2031-11-25,33897000,EUR,83.566817,PERC,IDAF SIZE,BTFE,BTFE,BLOOMBERG,6,D2C,MTF,DBFTFB,
2022-07-04 13:41:46.481000,FR0014002WK3,Corporate bond,DIRECTION GENERALE DU TRESOR,0,2031-11-25,15477,EUR,84.113,PERC,,BTFE,BTFE,BLOOMBERG,1,D2C,MTF,DBFTFB,9a253685-ffc4-41dc-99ae-dc6a5462ac3a
2022-07-04 10:35:48.584000,FR0014002WK3,Corporate bond,DIRECTION GENERALE DU TRESOR,0,2031-11-25,23000,EUR,84.446,PERC,,BTFE,BTFE,BLOOMBERG,1,D2C,MTF,DBFTFB,4f66750a-2abe-40ed-a328-23dc681ecd29
2022-07-01 15:27:29.729000,FR0014002WK3,Corporate bond,DIRECTION GENERALE DU TRESOR,0,2031-11-25,200000,EUR,85.211,PERC,,BTFE,BTFE,BLOOMBERG,1,D2C,MTF,DBFTFB,c96cabea-2e58-4099-8de4-845d7f177a74
2022-07-01 15:00:35.326000,FR0014002WK3,Corporate bond,DIRECTION GENERALE DU TRESOR,0,2031-11-25,200000,EUR,85.344,PERC,,BTFE,BTFE,BLOOMBERG,1,D2C,MTF,DBFTFB,cd61dc06-8b4c-4486-9f9e-52218e1276e7
2022-07-01 13:00:24.063000,FR0014002WK3,Corporate bond,DIRECTION GENERALE DU TRESOR,0,2031-11-25,118000,EUR,84.938,PERC,,BTFE,BTFE,BLOOMBERG,1,D2C,MTF,DBFTFB,1e8c2b29-a685-4e04-ad80-33656b038612
2022-07-01 12:58:33.325000,FR0014002WK3,Corporate bond,DIRECTION GENERALE DU TRESOR,0,2031-11-25,100000,EUR,84.984,PERC,,BTFE,BTFE,BLOOMBERG,1,D2C,MTF,DBFTFB,c30835b1-2700-48f1-819b-1e4f3773431d
2022-07-01 12:56:38.905000,FR0014002WK3,Corporate bond,DIRECTION GENERALE DU TRESOR,0,2031-11-25,419,EUR,84.862,PERC,,BTFE,BTFE,BLOOMBERG,1,D2C,MTF,DBFTFB,d8bb1d2f-86f4-4c3f-a789-365a65021e48
2022-07-01 12:56:23.955000,FR0014002WK3,Corporate bond,DIRECTION GENERALE DU TRESOR,0,2031-11-25,32466,EUR,84.842,PERC,,BTFE,BTFE,BLOOMBERG,1,D2C,MTF,DBFTFB,46ba7cfc-e5f7-4c88-ba54-e946a701a20b
2022-07-01 12:30:32.086000,FR0014002WK3,Corporate bond,DIRECTION GENERALE DU TRESOR,0,2031-11-25,873000,EUR,84.734,PERC,,BTFE,BTFE,BLOOMBERG,1,D2C,MTF,DBFTFB,188646e3-c7bd-4c6f-a357-1427ef0523bc
2022-07-01 11:22:22.143000,FR0014002WK3,Corporate bond,DIRECTION GENERALE DU TRESOR,0,2031-11-25,200000,EUR,84.513,PERC,,BTFE,BTFE,BLOOMBERG,1,D2C,MTF,DBFTFB,7ae8e700-263d-4322-8a3c-1e2a31771923
2022-07-01 10:17:37.785000,FR0014002WK3,Corporate bond,DIRECTION GENERALE DU TRESOR,0,2031-11-25,400000,EUR,84.175,PERC,,BTFE,BTFE,BLOOMBERG,1,D2C,MTF,DBFTFB,74b9965b-49af-4ac0-87eb-1d93a38d804d
2022-06-30 15:33:13.425000,FR0014002WK3,Corporate bond,DIRECTION GENERALE DU TRESOR,0,2031-11-25,53000,EUR,83.985,PERC,,BTFE,BTFE,BLOOMBERG,1,D2C,MTF,DBFTFB,bd2eb366-6cb2-4498-8333-0f0bc760c24f
2022-06-30 15:15:48.651000,FR0014002WK3,Corporate bond,DIRECTION GENERALE DU TRESOR,0,2031-11-25,1800000,EUR,83.948,PERC,,BTFE,BTFE,BLOOMBERG,1,D2C,MTF,DBFTFB,c75a3760-f4b3-47f9-bc4e-c3e45b3b15f7
2022-06-30 15:11:15.515000,FR0014002WK3,Corporate bond,DIRECTION GENERALE DU TRESOR,0,2031-11-25,31000,EUR,83.941,PERC,,BTFE,BTFE,BLOOMBERG,1,D2C,MTF,DBFTFB,7b170711-d392-4bb1-b24d-35c980270e4e
2022-06-30 14:46:07.935000,FR0014002WK3,Corporate bond,DIRECTION GENERALE DU TRESOR,0,2031-11-25,800000,EUR,84.127,PERC,,BTFE,BTFE,BLOOMBERG,1,D2C,MTF,DBFTFB,e6cab9f6-59f5-418e-bad8-2708bd500ed4
2022-06-30 14:45:34.350000,FR0014002WK3,Corporate bond,DIRECTION GENERALE DU TRESOR,0,2031-11-25,100000,EUR,84.125,PERC,,BTFE,BTFE,BLOOMBERG,1,D2C,MTF,DBFTFB,e63d50b9-2042-4bad-b2a4-193bcf5ada3d
2022-06-30 14:34:51.203000,FR0014002WK3,Corporate bond,DIRECTION GENERALE DU TRESOR,0,2031-11-25,180000,EUR,83.998,PERC,,BTFE,BTFE,BLOOMBERG,1,D2C,MTF,DBFTFB,38b9d2ac-b778-4435-8edb-6d112fcab937
2022-06-30 13:11:46.412000,FR0014002WK3,Corporate bond,DIRECTION GENERALE DU TRESOR,0,2031-11-25,76000,EUR,83.994,PERC,,BTFE,BTFE,BLOOMBERG,1,D2C,MTF,DBFTFB,fd774f04-b345-40d5-87bb-228f77c4dc60
2022-06-30 13:07:29.795000,FR0014002WK3,Corporate bond,DIRECTION GENERALE DU TRESOR,0,2031-11-25,2228,EUR,83.966,PERC,,BTFE,BTFE,BLOOMBERG,1,D2C,MTF,DBFTFB,7d207b3f-45a7-4090-b2dc-bf9fd46656d3
2022-06-30 13:07:14.948000,FR0014002WK3,Corporate bond,DIRECTION GENERALE DU TRESOR,0,2031-11-25,16398,EUR,83.946,PERC,,BTFE,BTFE,BLOOMBERG,1,D2C,MTF,DBFTFB,6426bf79-e1bb-42a7-9a5c-4287b7a83590
2022-06-30 12:53:09.171000,FR0014002WK3,Corporate bond,DIRECTION GENERALE DU TRESOR,0,2031-11-25,319000,EUR,84.055,PERC,,BTFE,BTFE,BLOOMBERG,1,D2C,MTF,DBFTFB,699298d9-0962-45f1-947c-fddeae18cb7e
2022-06-30 12:45:10.141000,FR0014002WK3,Corporate bond,DIRECTION GENERALE DU TRESOR,0,2031-11-25,2000000,EUR,83.991,PERC,,BTFE,BTFE,BLOOMBERG,1,D2C,MTF,DBFTFB,daeb467b-2116-4fdf-a5a7-3f83acc7d46b
2022-06-30 12:39:46.913000,FR0014002WK3,Corporate bond,DIRECTION GENERALE DU TRESOR,0,2031-11-25,2000000,EUR,83.989,PERC,,BTFE,BTFE,BLOOMBERG,1,D2C,MTF,DBFTFB,db041316-44be-463a-a8a2-34890cba73ac
2022-06-30 10:15:34.566000,FR0014002WK3,Corporate bond,DIRECTION GENERALE DU TRESOR,0,2031-11-25,1000,EUR,83.666,PERC,,BTFE,BTFE,BLOOMBERG,1,D2C,MTF,DBFTFB,cd830767-1eda-4cb4-ae33-0eebba796224
2022-06-29 13:56:39.094000,FR0014002WK3,Corporate bond,DIRECTION GENERALE DU TRESOR,0,2031-11-25,10000,EUR,82.589,PERC,,BTFE,BTFE,BLOOMBERG,1,D2C,MTF,DBFTFB,648290c1-c615-45ef-ac8b-4de147bb2170
2022-06-29 13:45:24.300000,FR0014002WK3,Corporate bond,DIRECTION GENERALE DU TRESOR,0,2031-11-25,371494,EUR,82.636,PERC,,BTFE,BTFE,BLOOMBERG,1,D2C,MTF,DBFTFB,51ee6753-5e63-4f29-aa7e-3bd4944ab7fe
2022-06-29 13:45:09.192000,FR0014002WK3,Corporate bond,DIRECTION GENERALE DU TRESOR,0,2031-11-25,15643,EUR,82.649,PERC,,BTFE,BTFE,BLOOMBERG,1,D2C,MTF,DBFTFB,f94bba24-e297-4649-8cf1-a08ac21fa6b9
2022-06-29 12:03:30.944000,FR0014002WK3,Corporate bond,DIRECTION GENERALE DU TRESOR,0,2031-11-25,63000,EUR,82.6,PERC,,BTFE,BTFE,BLOOMBERG,1,D2C,MTF,DBFTFB,0d2c5c34-74ae-4ede-a7e8-c551e6ed4ed2
2022-06-29 09:49:45.678000,FR0014002WK3,Corporate bond,DIRECTION GENERALE DU TRESOR,0,2031-11-25,2392000,EUR,82.25,PERC,,BTFE,BTFE,BLOOMBERG,1,D2C,MTF,DBFTFB,7a413e02-e0ac-4184-b2a3-af825b494dba
2022-06-29 09:08:02.571000,FR0014002WK3,Corporate bond,DIRECTION GENERALE DU TRESOR,0,2031-11-25,2000000,EUR,82.476,PERC,,BTFE,BTFE,BLOOMBERG,1,D2C,MTF,DBFTFB,d2445b5a-ad84-4fd0-a9bc-fe129c0394e2
2022-06-29 09:07:11.894000,FR0014002WK3,Corporate bond,DIRECTION GENERALE DU TRESOR,0,2031-11-25,2000000,EUR,82.545,PERC,,BTFE,BTFE,BLOOMBERG,1,D2C,MTF,DBFTFB,ffb749e6-e217-4ee9-bf47-8fdb3251f8a0
2022-06-29 07:10:32.507000,FR0014002WK3,Corporate bond,DIRECTION GENERALE DU TRESOR,0,2031-11-25,79000,EUR,82.522,PERC,,BTFE,BTFE,BLOOMBERG,1,D2C,MTF,DBFTFB,f1c80641-f361-49ea-b938-d764732fb539
2022-06-28 13:21:19.207000,FR0014002WK3,Corporate bond,DIRECTION GENERALE DU TRESOR,0,2031-11-25,2490,EUR,82.277,PERC,,BTFE,BTFE,BLOOMBERG,1,D2C,MTF,DBFTFB,1b49575b-0d5b-4468-b64f-c7e34bfaf329
2022-06-28 13:21:06.194000,FR0014002WK3,Corporate bond,DIRECTION GENERALE DU TRESOR,0,2031-11-25,10987,EUR,82.281,PERC,,BTFE,BTFE,BLOOMBERG,1,D2C,MTF,DBFTFB,70d571e0-6c5c-4309-9e9d-837a6fcab359
2022-06-28 12:51:49.844000,FR0014002WK3,Corporate bond,DIRECTION GENERALE DU TRESOR,0,2031-11-25,2000000,EUR,82.151,PERC,,BTFE,BTFE,BLOOMBERG,1,D2C,MTF,DBFTFB,d602fb6c-5430-4800-bdaf-8a82f3bfb885
2022-06-28 12:50:11.905000,FR0014002WK3,Corporate bond,DIRECTION GENERALE DU TRESOR,0,2031-11-25,2000000,EUR,82.128,PERC,,BTFE,BTFE,BLOOMBERG,1,D2C,MTF,DBFTFB,05fb73b1-dc42-4622-aaf0-64441421519b
2022-06-28 07:20:25.888000,FR0014002WK3,Corporate bond,DIRECTION GENERALE DU TRESOR,0,2031-11-25,2000000,EUR,82.523,PERC,,BTFE,BTFE,BLOOMBERG,1,D2C,MTF,DBFTFB,921ae848-e14b-45bd-954a-6119226d690a
2022-06-28 07:17:01.732000,FR0014002WK3,Corporate bond,DIRECTION GENERALE DU TRESOR,0,2031-11-25,2000000,EUR,82.431,PERC,,BTFE,BTFE,BLOOMBERG,1,D2C,MTF,DBFTFB,5bf5ec21-c547-4422-98a1-6094e49628f6
2022-06-28 07:13:10.623000,FR0014002WK3,Corporate bond,DIRECTION GENERALE DU TRESOR,0,2031-11-25,2000000,EUR,82.563,PERC,,BTFE,BTFE,BLOOMBERG,1,D2C,MTF,DBFTFB,fa1737f1-371c-4e31-a246-13305c41f7e9
2022-06-28 07:09:18.785000,FR0014002WK3,Corporate bond,DIRECTION GENERALE DU TRESOR,0,2031-11-25,2000000,EUR,82.572,PERC,,BTFE,BTFE,BLOOMBERG,1,D2C,MTF,DBFTFB,9a49a96f-5b8e-4c80-afd4-28361adaa77f
2022-06-28 06:53:06.340175,FR0014002WK3,Corporate bond,DIRECTION GENERALE DU TRESOR,0,2031-11-25,106033501,EUR,82.374914,PERC,IDAF SIZE,BTFE,BTFE,BLOOMBERG,9,D2C,MTF,DBFTFB,
2022-06-27 13:31:00.169000,FR0014002WK3,Corporate bond,DIRECTION GENERALE DU TRESOR,0,2031-11-25,2000000,EUR,82.85,PERC,,BTFE,BTFE,BLOOMBERG,1,D2C,MTF,DBFTFB,159d15cf-65aa-4f7b-8ec9-0944b681c955
2022-06-27 13:29:37.079000,FR0014002WK3,Corporate bond,DIRECTION GENERALE DU TRESOR,0,2031-11-25,2000000,EUR,82.84,PERC,,BTFE,BTFE,BLOOMBERG,1,D2C,MTF,DBFTFB,0f8681dc-4017-4b5c-b343-974eb7333552
2022-06-27 13:06:03.847000,FR0014002WK3,Corporate bond,DIRECTION GENERALE DU TRESOR,0,2031-11-25,1000000,EUR,82.875,PERC,,BTFE,BTFE,BLOOMBERG,1,D2C,MTF,DBFTFB,115e34d1-5d5c-437f-80be-f68a5aa1433c
2022-06-27 12:57:01.599000,FR0014002WK3,Corporate bond,DIRECTION GENERALE DU TRESOR,0,2031-11-25,1000000,EUR,82.926,PERC,,BTFE,BTFE,BLOOMBERG,1,D2C,MTF,DBFTFB,5fb921e6-e2f2-4dee-b7c4-5112f5f1480c
2022-06-27 12:49:52.800000,FR0014002WK3,Corporate bond,DIRECTION GENERALE DU TRESOR,0,2031-11-25,431,EUR,82.808,PERC,,BTFE,BTFE,BLOOMBERG,1,D2C,MTF,DBFTFB,aa83c6f0-1129-4c93-8593-c8cb8145a010
2022-06-27 12:49:22.730000,FR0014002WK3,Corporate bond,DIRECTION GENERALE DU TRESOR,0,2031-11-25,47213,EUR,82.813,PERC,,BTFE,BTFE,BLOOMBERG,1,D2C,MTF,DBFTFB,4be510bb-2a7c-4cf6-b38d-00056f42ae54
2022-06-27 12:38:20.068000,FR0014002WK3,Corporate bond,DIRECTION GENERALE DU TRESOR,0,2031-11-25,2000000,EUR,82.822,PERC,,BTFE,BTFE,BLOOMBERG,1,D2C,MTF,DBFTFB,2110241d-ef94-46cd-a0cc-9729176c7acc
2022-06-27 12:37:08.291000,FR0014002WK3,Corporate bond,DIRECTION GENERALE DU TRESOR,0,2031-11-25,2000000,EUR,82.776,PERC,,BTFE,BTFE,BLOOMBERG,1,D2C,MTF,DBFTFB,37f9b812-c4ae-4dc9-8753-929d6a102b31
2022-06-27 12:34:53.518000,FR0014002WK3,Corporate bond,DIRECTION GENERALE DU TRESOR,0,2031-11-25,2000000,EUR,82.799,PERC,,BTFE,BTFE,BLOOMBERG,1,D2C,MTF,DBFTFB,af0d2ff7-804d-498e-80b7-080df3964598
2022-06-27 12:30:47.810000,FR0014002WK3,Corporate bond,DIRECTION GENERALE DU TRESOR,0,2031-11-25,2000000,EUR,82.847,PERC,,BTFE,BTFE,BLOOMBERG,1,D2C,MTF,DBFTFB,20819b73-f55b-4ea8-bfbd-5705ede11643
2022-06-27 12:08:06.118000,FR0014002WK3,Corporate bond,DIRECTION GENERALE DU TRESOR,0,2031-11-25,2000000,EUR,82.842,PERC,,BTFE,BTFE,BLOOMBERG,1,D2C,MTF,DBFTFB,bb63bd95-7343-4402-a4ea-5a6d98e7ea3a
2022-06-27 12:04:21.650000,FR0014002WK3,Corporate bond,DIRECTION GENERALE DU TRESOR,0,2031-11-25,2000000,EUR,82.875,PERC,,BTFE,BTFE,BLOOMBERG,1,D2C,MTF,DBFTFB,55602caa-bf25-470d-bbd0-cf2979206425
2022-06-27 11:57:13.719000,FR0014002WK3,Corporate bond,DIRECTION GENERALE DU TRESOR,0,2031-11-25,2000000,EUR,82.958,PERC,,BTFE,BTFE,BLOOMBERG,1,D2C,MTF,DBFTFB,4d71c256-a652-45f6-b637-7831c2d66b9a
2022-06-27 11:55:05.534000,FR0014002WK3,Corporate bond,DIRECTION GENERALE DU TRESOR,0,2031-11-25,2000000,EUR,82.95,PERC,,BTFE,BTFE,BLOOMBERG,1,D2C,MTF,DBFTFB,206ed240-b648-48a7-ae59-e3684393a02b
2022-06-27 11:40:42.976000,FR0014002WK3,Corporate bond,DIRECTION GENERALE DU TRESOR,0,2031-11-25,1400000,EUR,82.963,PERC,,BTFE,BTFE,BLOOMBERG,1,D2C,MTF,DBFTFB,a5f62198-01c3-498d-9503-cbd662675444
2022-06-27 10:44:17.751000,FR0014002WK3,Corporate bond,DIRECTION GENERALE DU TRESOR,0,2031-11-25,1000000,EUR,82.93,PERC,,BTFE,BTFE,BLOOMBERG,1,D2C,MTF,DBFTFB,ecaec7e4-8996-4dca-8700-ceecfd3cb296
2022-06-27 08:15:34.236000,FR0014002WK3,Corporate bond,DIRECTION GENERALE DU TRESOR,0,2031-11-25,1200000,EUR,83.3415,PERC,,BTFE,BTFE,BLOOMBERG,1,D2C,MTF,DBFTFB,db8c9df3-a7d0-4540-b14e-34fad6538c04
2022-06-27 08:14:20.586000,FR0014002WK3,Corporate bond,DIRECTION GENERALE DU TRESOR,0,2031-11-25,1200000,EUR,83.383,PERC,,BTFE,BTFE,BLOOMBERG,1,D2C,MTF,DBFTFB,362ecf9a-05ac-4add-a007-7e011c8ba410
2022-06-24 15:22:43.552000,FR0014002WK3,Corporate bond,DIRECTION GENERALE DU TRESOR,0,2031-11-25,272000,EUR,83.772,PERC,,BTFE,BTFE,BLOOMBERG,1,D2C,MTF,DBFTFB,b51d51d3-9def-4a02-8e8d-06062c96c4ce
2022-06-24 12:52:20.613000,FR0014002WK3,Corporate bond,DIRECTION GENERALE DU TRESOR,0,2031-11-25,2748,EUR,83.652,PERC,,BTFE,BTFE,BLOOMBERG,1,D2C,MTF,DBFTFB,4f52810b-f98c-439f-bae9-7d345be39d97
2022-06-24 12:52:05.896000,FR0014002WK3,Corporate bond,DIRECTION GENERALE DU TRESOR,0,2031-11-25,24780,EUR,83.655,PERC,,BTFE,BTFE,BLOOMBERG,1,D2C,MTF,DBFTFB,7442460a-bde2-4287-b412-753d9065df55
2022-06-24 12:49:42.304000,FR0014002WK3,Corporate bond,DIRECTION GENERALE DU TRESOR,0,2031-11-25,167000,EUR,83.64,PERC,,BTFE,BTFE,BLOOMBERG,1,D2C,MTF,DBFTFB,2d27283b-e3ae-43d8-be3d-b1882d61b074
2022-06-24 11:36:28.311000,FR0014002WK3,Corporate bond,DIRECTION GENERALE DU TRESOR,0,2031-11-25,549000,EUR,83.468,PERC,,BTFE,BTFE,BLOOMBERG,1,D2C,MTF,DBFTFB,747284e6-4ab6-4308-80a2-bcf138071457
2022-06-24 11:20:27.917000,FR0014002WK3,Corporate bond,DIRECTION GENERALE DU TRESOR,0,2031-11-25,15000,EUR,83.426,PERC,,BTFE,BTFE,BLOOMBERG,1,D2C,MTF,DBFTFB,e8af1fdc-33de-460e-81a2-78ef4e453388
2022-06-24 11:20:27.806000,FR0014002WK3,Corporate bond,DIRECTION GENERALE DU TRESOR,0,2031-11-25,5000,EUR,83.389,PERC,,BTFE,BTFE,BLOOMBERG,1,D2C,MTF,DBFTFB,39b08e63-7b5e-43de-a52b-f9548f05086f
2022-06-24 08:59:59.111000,FR0014002WK3,Corporate bond,DIRECTION GENERALE DU TRESOR,0,2031-11-25,2297000,EUR,83.704,PERC,,BTFE,BTFE,BLOOMBERG,1,D2C,MTF,DBFTFB,3baf482d-f0c6-4c3e-b24a-1a00e791975b
2022-06-23 13:46:42.382000,FR0014002WK3,Corporate bond,DIRECTION GENERALE DU TRESOR,0,2031-11-25,5565,EUR,83.902,PERC,,BTFE,BTFE,BLOOMBERG,1,D2C,MTF,DBFTFB,a81e3583-37a7-40a5-9cec-272bf1fd6f01
2022-06-23 13:46:28.079000,FR0014002WK3,Corporate bond,DIRECTION GENERALE DU TRESOR,0,2031-11-25,20901,EUR,83.85,PERC,,BTFE,BTFE,BLOOMBERG,1,D2C,MTF,DBFTFB,d38f0cf5-4a06-42a6-bbf9-dea5b7b87545
2022-06-23 13:07:22.281000,FR0014002WK3,Corporate bond,DIRECTION GENERALE DU TRESOR,0,2031-11-25,554000,EUR,83.647,PERC,,BTFE,BTFE,BLOOMBERG,1,D2C,MTF,DBFTFB,7e4b2121-67ec-4627-99ba-a220faa688e8
2022-06-23 12:58:15.618000,FR0014002WK3,Corporate bond,DIRECTION GENERALE DU TRESOR,0,2031-11-25,2000000,EUR,83.645,PERC,,BTFE,BTFE,BLOOMBERG,1,D2C,MTF,DBFTFB,88c9d336-7de4-4144-bdd1-232520552251
2022-06-23 12:56:19.852000,FR0014002WK3,Corporate bond,DIRECTION GENERALE DU TRESOR,0,2031-11-25,2000000,EUR,83.618,PERC,,BTFE,BTFE,BLOOMBERG,1,D2C,MTF,DBFTFB,e43d9ea9-b07f-4d2d-99b4-e205e6cde7bb
2022-06-23 08:40:41.290000,FR0014002WK3,Corporate bond,DIRECTION GENERALE DU TRESOR,0,2031-11-25,2000000,EUR,83.506,PERC,,BTFE,BTFE,BLOOMBERG,1,D2C,MTF,DBFTFB,e899d4e3-f940-41c7-b6ea-f03a6fdbc6d2
2022-06-23 08:37:01.218000,FR0014002WK3,Corporate bond,DIRECTION GENERALE DU TRESOR,0,2031-11-25,2000000,EUR,83.455,PERC,,BTFE,BTFE,BLOOMBERG,1,D2C,MTF,DBFTFB,e46122d6-efaa-4e64-9e25-fc4aad5f066a
2022-06-22 14:21:09.276000,FR0014002WK3,Corporate bond,DIRECTION GENERALE DU TRESOR,0,2031-11-25,500000,EUR,82.332,PERC,,BTFE,BTFE,BLOOMBERG,1,D2C,MTF,DBFTFB,0f6d8783-508d-4c3d-9543-f52a98be366e
2022-06-22 14:04:29.116000,FR0014002WK3,Corporate bond,DIRECTION GENERALE DU TRESOR,0,2031-11-25,500000,EUR,82.515,PERC,,BTFE,BTFE,BLOOMBERG,1,D2C,MTF,DBFTFB,fb1f50b0-7a4d-491b-8885-bc74a618a246
2022-06-22 13:53:15.348000,FR0014002WK3,Corporate bond,DIRECTION GENERALE DU TRESOR,0,2031-11-25,1300000,EUR,82.424,PERC,,BTFE,BTFE,BLOOMBERG,1,D2C,MTF,DBFTFB,43a61a10-ffcb-44fa-934f-5a4b1b3d79fa
2022-06-22 13:30:05.722000,FR0014002WK3,Corporate bond,DIRECTION GENERALE DU TRESOR,0,2031-11-25,500000,EUR,82.292,PERC,,BTFE,BTFE,BLOOMBERG,1,D2C,MTF,DBFTFB,ecd2487a-8e2f-477d-a813-a58223b4cf8a
2022-06-22 13:12:17.605000,FR0014002WK3,Corporate bond,DIRECTION GENERALE DU TRESOR,0,2031-11-25,500000,EUR,82.3065,PERC,,BTFE,BTFE,BLOOMBERG,1,D2C,MTF,DBFTFB,091fe66a-e84e-4050-bbe7-9107c2764768
2022-06-22 13:08:33.951000,FR0014002WK3,Corporate bond,DIRECTION GENERALE DU TRESOR,0,2031-11-25,85000,EUR,82.28,PERC,,BTFE,BTFE,BLOOMBERG,1,D2C,MTF,DBFTFB,b91adc52-efa6-4f66-8f1c-8e57df056a15
2022-06-22 13:07:55.763000,FR0014002WK3,Corporate bond,DIRECTION GENERALE DU TRESOR,0,2031-11-25,500000,EUR,82.283,PERC,,BTFE,BTFE,BLOOMBERG,1,D2C,MTF,DBFTFB,6b032545-b5b5-4dd1-b160-01b39e85a3ef
2022-06-22 12:55:56.003000,FR0014002WK3,Corporate bond,DIRECTION GENERALE DU TRESOR,0,2031-11-25,13625,EUR,82.21,PERC,,BTFE,BTFE,BLOOMBERG,1,D2C,MTF,DBFTFB,14040c5b-3410-4df1-abb7-d67b86de4985
2022-06-22 12:38:44.726000,FR0014002WK3,Corporate bond,DIRECTION GENERALE DU TRESOR,0,2031-11-25,11761,EUR,81.981,PERC,,BTFE,BTFE,BLOOMBERG,1,D2C,MTF,DBFTFB,efd7de2d-a19b-4a10-83fc-fde0879417ce
2022-06-22 12:16:08.331000,FR0014002WK3,Corporate bond,DIRECTION GENERALE DU TRESOR,0,2031-11-25,53000,EUR,81.928,PERC,,BTFE,BTFE,BLOOMBERG,1,D2C,MTF,DBFTFB,14eb3762-7de9-4cf2-8205-da83a510cb16
2022-06-22 12:04:50.589000,FR0014002WK3,Corporate bond,DIRECTION GENERALE DU TRESOR,0,2031-11-25,45000,EUR,81.895,PERC,,BTFE,BTFE,BLOOMBERG,1,D2C,MTF,DBFTFB,100a3302-1b77-448d-aa12-d71d484106a6
2022-06-22 10:31:46.065000,FR0014002WK3,Corporate bond,DIRECTION GENERALE DU TRESOR,0,2031-11-25,8000,EUR,81.703,PERC,,BTFE,BTFE,BLOOMBERG,1,D2C,MTF,DBFTFB,56ef89a6-08e6-456b-8686-34daa23c5ef8
2022-06-22 10:04:44.980000,FR0014002WK3,Corporate bond,DIRECTION GENERALE DU TRESOR,0,2031-11-25,1000000,EUR,81.776,PERC,,BTFE,BTFE,BLOOMBERG,1,D2C,MTF,DBFTFB,70a08763-69b0-43b9-b592-6918c0511414
2022-06-22 09:29:58.785000,FR0014002WK3,Corporate bond,DIRECTION GENERALE DU TRESOR,0,2031-11-25,1500000,EUR,81.704,PERC,,BTFE,BTFE,BLOOMBERG,1,D2C,MTF,DBFTFB,fafcfc55-3c90-463b-bba8-343544a8ed54
2022-06-22 08:46:58.786000,FR0014002WK3,Corporate bond,DIRECTION GENERALE DU TRESOR,0,2031-11-25,1500000,EUR,81.668,PERC,,BTFE,BTFE,BLOOMBERG,1,D2C,MTF,DBFTFB,5ead5cb2-cf45-4daa-b26b-739293db6dac
2022-06-22 08:41:57.285000,FR0014002WK3,Corporate bond,DIRECTION GENERALE DU TRESOR,0,2031-11-25,1500000,EUR,81.6245,PERC,,BTFE,BTFE,BLOOMBERG,1,D2C,MTF,DBFTFB,aea7a7b5-e1f0-4916-896a-5ce1c42ed8e2
2022-06-21 13:20:25.069000,FR0014002WK3,Corporate bond,DIRECTION GENERALE DU TRESOR,0,2031-11-25,394000,EUR,81.07,PERC,,BTFE,BTFE,BLOOMBERG,1,D2C,MTF,DBFTFB,f3a45392-db6d-4c37-9e4f-0edd75c53869
2022-06-21 12:31:15.736000,FR0014002WK3,Corporate bond,DIRECTION GENERALE DU TRESOR,0,2031-11-25,3046,EUR,81.08,PERC,,BTFE,BTFE,BLOOMBERG,1,D2C,MTF,DBFTFB,51591864-d60b-42f1-aa8d-9df03cc46970
2022-06-21 06:51:33.656943,FR0014002WK3,Corporate bond,DIRECTION GENERALE DU TRESOR,0,2031-11-25,112189000,EUR,81.547213,PERC,IDAF SIZE,BTFE,BTFE,BLOOMBERG,10,D2C,MTF,DBFTFB,
2022-06-20 15:10:22.261000,FR0014002WK3,Corporate bond,DIRECTION GENERALE DU TRESOR,0,2031-11-25,748000,EUR,81.326,PERC,,BTFE,BTFE,BLOOMBERG,1,D2C,MTF,DBFTFB,3492c135-907b-4c84-87f7-cc83dfb4f716
2022-06-20 13:49:25.460000,FR0014002WK3,Corporate bond,DIRECTION GENERALE DU TRESOR,0,2031-11-25,150000,EUR,81.515,PERC,,BTFE,BTFE,BLOOMBERG,1,D2C,MTF,DBFTFB,0bead04b-a289-4e99-9a6b-85fb396b3777
2022-06-20 13:40:29.710000,FR0014002WK3,Corporate bond,DIRECTION GENERALE DU TRESOR,0,2031-11-25,73000,EUR,81.662,PERC,,BTFE,BTFE,BLOOMBERG,1,D2C,MTF,DBFTFB,b28acbac-0290-428e-af75-e73d6c4ec9e5
2022-06-20 13:16:34.550000,FR0014002WK3,Corporate bond,DIRECTION GENERALE DU TRESOR,0,2031-11-25,269000,EUR,81.642,PERC,,BTFE,BTFE,BLOOMBERG,1,D2C,MTF,DBFTFB,3cc0be52-bb72-453a-8dd6-a30a82923053
2022-06-20 12:58:13.818000,FR0014002WK3,Corporate bond,DIRECTION GENERALE DU TRESOR,0,2031-11-25,4345,EUR,81.672,PERC,,BTFE,BTFE,BLOOMBERG,1,D2C,MTF,DBFTFB,8f64d66c-d198-487f-b5c6-a8a23cb44f93
2022-06-20 12:57:59.584000,FR0014002WK3,Corporate bond,DIRECTION GENERALE DU TRESOR,0,2031-11-25,73744,EUR,81.643,PERC,,BTFE,BTFE,BLOOMBERG,1,D2C,MTF,DBFTFB,ffe456e1-163b-4a98-8de0-fb60315fbe2f
2022-06-20 10:59:42.586000,FR0014002WK3,Corporate bond,DIRECTION GENERALE DU TRESOR,0,2031-11-25,9000,EUR,81.796,PERC,,BTFE,BTFE,BLOOMBERG,1,D2C,MTF,DBFTFB,5460fb4c-4704-4de9-a25c-3be992ffd2d4
2022-06-17 15:22:06.603000,FR0014002WK3,Corporate bond,DIRECTION GENERALE DU TRESOR,0,2031-11-25,6000,EUR,81.973,PERC,,BTFE,BTFE,BLOOMBERG,1,D2C,MTF,DBFTFB,a2c79e57-650c-43ca-89b4-3d8fab89cc6d
2022-06-17 14:37:07.605000,FR0014002WK3,Corporate bond,DIRECTION GENERALE DU TRESOR,0,2031-11-25,100000,EUR,81.523,PERC,,BTFE,BTFE,BLOOMBERG,1,D2C,MTF,DBFTFB,2f22d9af-efde-4b6a-a339-ba1170bbdd50
2022-06-17 13:05:15.262000,FR0014002WK3,Corporate bond,DIRECTION GENERALE DU TRESOR,0,2031-11-25,449000,EUR,81.902,PERC,,BTFE,BTFE,BLOOMBERG,1,D2C,MTF,DBFTFB,baf0ed68-30f5-4d3d-8547-63cb92a513aa
2022-06-17 13:05:08.368000,FR0014002WK3,Corporate bond,DIRECTION GENERALE DU TRESOR,0,2031-11-25,309000,EUR,81.926,PERC,,BTFE,BTFE,BLOOMBERG,1,D2C,MTF,DBFTFB,b8480019-492d-4459-bdfa-a2c2e3aaf80e
2022-06-17 12:34:44.385000,FR0014002WK3,Corporate bond,DIRECTION GENERALE DU TRESOR,0,2031-11-25,71756,EUR,81.975,PERC,,BTFE,BTFE,BLOOMBERG,1,D2C,MTF,DBFTFB,d5e4d717-0154-4e69-a507-a32bd5210ba1
2022-06-17 12:34:31.386000,FR0014002WK3,Corporate bond,DIRECTION GENERALE DU TRESOR,0,2031-11-25,12509,EUR,81.988,PERC,,BTFE,BTFE,BLOOMBERG,1,D2C,MTF,DBFTFB,e5641898-08f9-4afa-a6fe-b9e02d0d9229
2022-06-17 11:27:44.872000,FR0014002WK3,Corporate bond,DIRECTION GENERALE DU TRESOR,0,2031-11-25,51000,EUR,82.022,PERC,,BTFE,BTFE,BLOOMBERG,1,D2C,MTF,DBFTFB,c50f2c25-22cb-44e6-bb3a-73f42ae3d3df
2022-06-16 12:39:14.811000,FR0014002WK3,Corporate bond,DIRECTION GENERALE DU TRESOR,0,2031-11-25,6483,EUR,80.947,PERC,,BTFE,BTFE,BLOOMBERG,1,D2C,MTF,DBFTFB,2a4643df-12f4-42cb-bc83-2cf369e69472
2022-06-16 12:38:45.169000,FR0014002WK3,Corporate bond,DIRECTION GENERALE DU TRESOR,0,2031-11-25,42595,EUR,80.958,PERC,,BTFE,BTFE,BLOOMBERG,1,D2C,MTF,DBFTFB,87c07918-f7ff-4eb1-851c-e7a8f26bc3db
2022-06-16 09:49:14.446000,FR0014002WK3,Corporate bond,DIRECTION GENERALE DU TRESOR,0,2031-11-25,600000,EUR,80.505,PERC,,BTFE,BTFE,BLOOMBERG,1,D2C,MTF,DBFTFB,7a0042c2-80c7-4b09-bfc2-f54074b112c6
2022-06-16 09:34:49.793000,FR0014002WK3,Corporate bond,DIRECTION GENERALE DU TRESOR,0,2031-11-25,600000,EUR,80.601,PERC,,BTFE,BTFE,BLOOMBERG,1,D2C,MTF,DBFTFB,5f94e318-a5c2-474b-9719-6ae5f3553a35
2022-06-16 08:32:18.509000,FR0014002WK3,Corporate bond,DIRECTION GENERALE DU TRESOR,0,2031-11-25,1200000,EUR,81.052,PERC,,BTFE,BTFE,BLOOMBERG,1,D2C,MTF,DBFTFB,c20919fa-45d9-4007-999b-c496add042d7
2022-06-15 14:47:56.740000,FR0014002WK3,Corporate bond,DIRECTION GENERALE DU TRESOR,0,2031-11-25,1000,EUR,82.039,PERC,,BTFE,BTFE,BLOOMBERG,1,D2C,MTF,DBFTFB,55c4a8da-f721-4ffd-ac36-b336800298f8
2022-06-15 13:58:19.292000,FR0014002WK3,Corporate bond,DIRECTION GENERALE DU TRESOR,0,2031-11-25,685484,EUR,82.202,PERC,,BTFE,BTFE,BLOOMBERG,1,D2C,MTF,DBFTFB,a3980435-edf3-488b-85a3-38c870ea9e26
2022-06-15 13:43:14.677000,FR0014002WK3,Corporate bond,DIRECTION GENERALE DU TRESOR,0,2031-11-25,362000,EUR,82.128,PERC,,BTFE,BTFE,BLOOMBERG,1,D2C,MTF,DBFTFB,41ff03e5-83b9-4711-b99e-13578403db4d
2022-06-15 12:47:20.145000,FR0014002WK3,Corporate bond,DIRECTION GENERALE DU TRESOR,0,2031-11-25,15154,EUR,82.007,PERC,,BTFE,BTFE,BLOOMBERG,1,D2C,MTF,DBFTFB,d1d8820b-1557-426c-8ef3-ea456581a978
2022-06-15 08:36:04.618000,FR0014002WK3,Corporate bond,DIRECTION GENERALE DU TRESOR,0,2031-11-25,285905,EUR,80.92,PERC,,BTFE,BTFE,BLOOMBERG,1,D2C,MTF,DBFTFB,a9d75e56-e592-4f90-a7d9-a1c93843af15
2022-06-15 08:35:48.598000,FR0014002WK3,Corporate bond,DIRECTION GENERALE DU TRESOR,0,2031-11-25,453581,EUR,80.927,PERC,,BTFE,BTFE,BLOOMBERG,1,D2C,MTF,DBFTFB,711dad8d-027e-478f-8fa7-e624bfd3cdee
2022-06-15 08:07:17.964000,FR0014002WK3,Corporate bond,DIRECTION GENERALE DU TRESOR,0,2031-11-25,2941061,EUR,80.988,PERC,,BTFE,BTFE,BLOOMBERG,1,D2C,MTF,DBFTFB,b1aa762c-7d31-4bd2-bfd6-6c1b0287c12f
2022-06-15 07:41:29.356000,FR0014002WK3,Corporate bond,DIRECTION GENERALE DU TRESOR,0,2031-11-25,2000000,EUR,81.302,PERC,,BTFE,BTFE,BLOOMBERG,1,D2C,MTF,DBFTFB,ba8b4ef8-f701-4a86-83c3-4cac3f6b2dbb
2022-06-14 13:05:44.866000,FR0014002WK3,Corporate bond,DIRECTION GENERALE DU TRESOR,0,2031-11-25,246000,EUR,81.421,PERC,,BTFE,BTFE,BLOOMBERG,1,D2C,MTF,DBFTFB,0a7cc549-17f7-4685-bf7d-c7e7bfe9ba70
2022-06-14 12:33:04.598000,FR0014002WK3,Corporate bond,DIRECTION GENERALE DU TRESOR,0,2031-11-25,2032,EUR,81.471,PERC,,BTFE,BTFE,BLOOMBERG,1,D2C,MTF,DBFTFB,8807c341-cb21-4e4a-8211-84c8a3d13be4
2022-06-14 12:32:48.943000,FR0014002WK3,Corporate bond,DIRECTION GENERALE DU TRESOR,0,2031-11-25,19505,EUR,81.441,PERC,,BTFE,BTFE,BLOOMBERG,1,D2C,MTF,DBFTFB,b7eeb228-6b11-440e-b536-6683df6fc83c
2022-06-14 11:12:32.906000,FR0014002WK3,Corporate bond,DIRECTION GENERALE DU TRESOR,0,2031-11-25,13000,EUR,81.372,PERC,,BTFE,BTFE,BLOOMBERG,1,D2C,MTF,DBFTFB,d52aafa3-cdf1-41ca-b25a-b1142b1c10ec
2022-06-14 11:08:33.659000,FR0014002WK3,Corporate bond,DIRECTION GENERALE DU TRESOR,0,2031-11-25,6000,EUR,81.464,PERC,,BTFE,BTFE,BLOOMBERG,1,D2C,MTF,DBFTFB,2b876f71-9ca7-4de1-91b8-3d390087f158
2022-06-14 07:39:18.502000,FR0014002WK3,Corporate bond,DIRECTION GENERALE DU TRESOR,0,2031-11-25,500000,EUR,81.815,PERC,,BTFE,BTFE,BLOOMBERG,1,D2C,MTF,DBFTFB,215697a8-f5ec-49ee-a229-c400a0351024
2022-06-14 06:48:15.041568,FR0014002WK3,Corporate bond,DIRECTION GENERALE DU TRESOR,0,2031-11-25,231234000,EUR,84.475305,PERC,IDAF LRGS,BTFE,BTFE,BLOOMBERG,13,D2C,MTF,DBFTFB,
2022-06-13 15:16:30.843000,FR0014002WK3,Corporate bond,DIRECTION GENERALE DU TRESOR,0,2031-11-25,300000,EUR,81.629,PERC,,BTFE,BTFE,BLOOMBERG,1,D2C,MTF,DBFTFB,6b1aac5e-0247-488f-9a5a-ffe52d3fa7e6
2022-06-13 14:20:33.947000,FR0014002WK3,Corporate bond,DIRECTION GENERALE DU TRESOR,0,2031-11-25,33000,EUR,81.891,PERC,,BTFE,BTFE,BLOOMBERG,1,D2C,MTF,DBFTFB,a497d8dd-50d4-4b44-af50-43b641949986
2022-06-13 14:02:05.890000,FR0014002WK3,Corporate bond,DIRECTION GENERALE DU TRESOR,0,2031-11-25,496000,EUR,82.025,PERC,,BTFE,BTFE,BLOOMBERG,1,D2C,MTF,DBFTFB,37a9df6c-3963-4d53-8e62-e8f6158347c2
2022-06-13 12:46:38.317000,FR0014002WK3,Corporate bond,DIRECTION GENERALE DU TRESOR,0,2031-11-25,1200000,EUR,82.027,PERC,,BTFE,BTFE,BLOOMBERG,1,D2C,MTF,DBFTFB,45b55a13-d7f7-49e3-b278-85e808365aee
2022-06-13 12:42:32.900000,FR0014002WK3,Corporate bond,DIRECTION GENERALE DU TRESOR,0,2031-11-25,44821,EUR,82.07,PERC,,BTFE,BTFE,BLOOMBERG,1,D2C,MTF,DBFTFB,dc39691b-1c49-4daa-bdad-3e8e08cce85c
2022-06-13 12:42:03.334000,FR0014002WK3,Corporate bond,DIRECTION GENERALE DU TRESOR,0,2031-11-25,49524,EUR,82.095,PERC,,BTFE,BTFE,BLOOMBERG,1,D2C,MTF,DBFTFB,ccf21b2d-2509-48e9-b429-e782807c9c14
2022-06-13 10:57:54.381000,FR0014002WK3,Corporate bond,DIRECTION GENERALE DU TRESOR,0,2031-11-25,33000,EUR,82.124,PERC,,BTFE,BTFE,BLOOMBERG,1,D2C,MTF,DBFTFB,239418a1-1f65-4cf2-b426-cb77ca799a47
2022-06-13 10:57:27.000000,FR0014002WK3,Corporate bond,DIRECTION GENERALE DU TRESOR,0,2031-11-25,1000000,EUR,82.129,PERC,,BTFE,BTFE,BLOOMBERG,1,D2C,MTF,DBFTFB,441c2048-0df4-482a-96fc-e1cdee4cf3d0
2022-06-13 10:31:41.380000,FR0014002WK3,Corporate bond,DIRECTION GENERALE DU TRESOR,0,2031-11-25,1000,EUR,82.082,PERC,,BTFE,BTFE,BLOOMBERG,1,D2C,MTF,DBFTFB,d54f19a5-1065-479a-bbd1-72a0e2907ff2
2022-06-13 10:01:44.299000,FR0014002WK3,Corporate bond,DIRECTION GENERALE DU TRESOR,0,2031-11-25,18000,EUR,82.146,PERC,,BTFE,BTFE,BLOOMBERG,1,D2C,MTF,DBFTFB,3f1ac106-44d8-4c58-b520-c26053fcfc46
2022-06-13 08:15:17.496000,FR0014002WK3,Corporate bond,DIRECTION GENERALE DU TRESOR,0,2031-11-25,100000,EUR,82.512,PERC,,BTFE,BTFE,BLOOMBERG,1,D2C,MTF,DBFTFB,1e087b0d-663a-4eb7-8678-624a8752fb66
2022-06-10 15:19:04.417000,FR0014002WK3,Corporate bond,DIRECTION GENERALE DU TRESOR,0,2031-11-25,300000,EUR,82.846,PERC,,BTFE,BTFE,BLOOMBERG,1,D2C,MTF,DBFTFB,38a45114-4be5-4095-a37c-90f5307e4f2a
2022-06-10 13:08:31.162000,FR0014002WK3,Corporate bond,DIRECTION GENERALE DU TRESOR,0,2031-11-25,421000,EUR,83.584,PERC,,BTFE,BTFE,BLOOMBERG,1,D2C,MTF,DBFTFB,42d36de6-b585-4cb6-a656-50e1dc0f0004
2022-06-10 12:50:54.840000,FR0014002WK3,Corporate bond,DIRECTION GENERALE DU TRESOR,0,2031-11-25,2000000,EUR,83.645,PERC,,BTFE,BTFE,BLOOMBERG,1,D2C,MTF,DBFTFB,0294f9ed-a5ff-4972-b418-76105b6f6652
2022-06-10 12:49:19.925000,FR0014002WK3,Corporate bond,DIRECTION GENERALE DU TRESOR,0,2031-11-25,2000000,EUR,83.722,PERC,,BTFE,BTFE,BLOOMBERG,1,D2C,MTF,DBFTFB,35563675-a4db-4a46-81d0-093ffed94d36
2022-06-10 12:47:15.363000,FR0014002WK3,Corporate bond,DIRECTION GENERALE DU TRESOR,0,2031-11-25,2000000,EUR,83.771,PERC,,BTFE,BTFE,BLOOMBERG,1,D2C,MTF,DBFTFB,40fd75bf-bb82-4e0f-9e9d-b29c6c1ff9a4
2022-06-10 12:46:35.440000,FR0014002WK3,Corporate bond,DIRECTION GENERALE DU TRESOR,0,2031-11-25,2000000,EUR,83.783,PERC,,BTFE,BTFE,BLOOMBERG,1,D2C,MTF,DBFTFB,492ece55-9073-4674-9bf5-6556525528dc
2022-06-10 11:15:39.312000,FR0014002WK3,Corporate bond,DIRECTION GENERALE DU TRESOR,0,2031-11-25,3000,EUR,83.621,PERC,,BTFE,BTFE,BLOOMBERG,1,D2C,MTF,DBFTFB,f3c2095f-0234-4868-826e-5e9dbe09f125
2022-06-10 11:14:39.372000,FR0014002WK3,Corporate bond,DIRECTION GENERALE DU TRESOR,0,2031-11-25,2000,EUR,83.687,PERC,,BTFE,BTFE,BLOOMBERG,1,D2C,MTF,DBFTFB,8c51f544-066c-4813-9d1a-de2d83dc2637
2022-06-09 14:49:11.479000,FR0014002WK3,Corporate bond,DIRECTION GENERALE DU TRESOR,0,2031-11-25,100000,EUR,83.638,PERC,,BTFE,BTFE,BLOOMBERG,1,D2C,MTF,DBFTFB,30b1680b-8f9e-4b5d-9042-6a548d3986f0
2022-06-09 14:30:05.069000,FR0014002WK3,Corporate bond,DIRECTION GENERALE DU TRESOR,0,2031-11-25,124000,EUR,83.756,PERC,,BTFE,BTFE,BLOOMBERG,1,D2C,MTF,DBFTFB,72777961-11b5-46f4-82e0-0a4505108f94
2022-06-09 14:26:52.180000,FR0014002WK3,Corporate bond,DIRECTION GENERALE DU TRESOR,0,2031-11-25,500000,EUR,83.636,PERC,,BTFE,BTFE,BLOOMBERG,1,D2C,MTF,DBFTFB,a6f48f47-89f5-4c9c-95d5-cfd10b3b536b
2022-06-09 14:06:45.455000,FR0014002WK3,Corporate bond,DIRECTION GENERALE DU TRESOR,0,2031-11-25,397000,EUR,83.665,PERC,,BTFE,BTFE,BLOOMBERG,1,D2C,MTF,DBFTFB,b15ba14e-72aa-4417-a0a7-50d25e34aa8e
2022-06-09 14:05:52.444000,FR0014002WK3,Corporate bond,DIRECTION GENERALE DU TRESOR,0,2031-11-25,500000,EUR,83.688,PERC,,BTFE,BTFE,BLOOMBERG,1,D2C,MTF,DBFTFB,ef9f948b-c312-474b-ac5e-9ffe6c24bb35
2022-06-09 13:49:35.261000,FR0014002WK3,Corporate bond,DIRECTION GENERALE DU TRESOR,0,2031-11-25,2000000,EUR,83.846,PERC,,BTFE,BTFE,BLOOMBERG,1,D2C,MTF,DBFTFB,a051fbec-f135-4646-a6ed-7c8fd304949c
2022-06-09 13:48:51.844000,FR0014002WK3,Corporate bond,DIRECTION GENERALE DU TRESOR,0,2031-11-25,2000000,EUR,83.853,PERC,,BTFE,BTFE,BLOOMBERG,1,D2C,MTF,DBFTFB,e4c264b6-9a52-40ba-af40-c314e6cfded0
2022-06-09 12:13:31.153000,FR0014002WK3,Corporate bond,DIRECTION GENERALE DU TRESOR,0,2031-11-25,2000000,EUR,83.717,PERC,,BTFE,BTFE,BLOOMBERG,1,D2C,MTF,DBFTFB,7593c551-3321-4903-8593-3d06ab1d7efc
2022-06-09 12:12:46.144000,FR0014002WK3,Corporate bond,DIRECTION GENERALE DU TRESOR,0,2031-11-25,2000000,EUR,83.751,PERC,,BTFE,BTFE,BLOOMBERG,1,D2C,MTF,DBFTFB,ecd9637d-5a34-485f-ad8d-0226d57696fe
2022-06-09 12:09:00.824000,FR0014002WK3,Corporate bond,DIRECTION GENERALE DU TRESOR,0,2031-11-25,500000,EUR,83.916,PERC,,BTFE,BTFE,BLOOMBERG,1,D2C,MTF,DBFTFB,78cef7ad-6a2a-4ea8-89a0-f77c5608e22e
2022-06-09 11:56:11.411000,FR0014002WK3,Corporate bond,DIRECTION GENERALE DU TRESOR,0,2031-11-25,2000000,EUR,83.909,PERC,,BTFE,BTFE,BLOOMBERG,1,D2C,MTF,DBFTFB,943779f7-8809-4a4e-9d0f-8196b20d709a
2022-06-09 11:55:08.137000,FR0014002WK3,Corporate bond,DIRECTION GENERALE DU TRESOR,0,2031-11-25,2000000,EUR,83.931,PERC,,BTFE,BTFE,BLOOMBERG,1,D2C,MTF,DBFTFB,b29c052e-6f1a-441d-a4ec-110d23ba38ed
2022-06-09 10:11:25.830000,FR0014002WK3,Corporate bond,DIRECTION GENERALE DU TRESOR,0,2031-11-25,11000,EUR,84.548,PERC,,BTFE,BTFE,BLOOMBERG,1,D2C,MTF,DBFTFB,e66ee08b-4906-4b46-b5e6-83849cc68401
2022-06-09 10:09:04.510000,FR0014002WK3,Corporate bond,DIRECTION GENERALE DU TRESOR,0,2031-11-25,4000,EUR,84.513,PERC,,BTFE,BTFE,BLOOMBERG,1,D2C,MTF,DBFTFB,0d0f2456-30f2-484b-bc67-6c0b5151c3ae
2022-06-09 08:36:30.148000,FR0014002WK3,Corporate bond,DIRECTION GENERALE DU TRESOR,0,2031-11-25,2000000,EUR,84.505,PERC,,BTFE,BTFE,BLOOMBERG,1,D2C,MTF,DBFTFB,45292fe7-4a5e-43c6-91c3-12e4ddbbebcd
2022-06-09 08:35:35.934000,FR0014002WK3,Corporate bond,DIRECTION GENERALE DU TRESOR,0,2031-11-25,2000000,EUR,84.495,PERC,,BTFE,BTFE,BLOOMBERG,1,D2C,MTF,DBFTFB,59d1dd47-d4f3-4000-b3f9-b54b52360580
2022-06-08 14:03:14.236000,FR0014002WK3,Corporate bond,DIRECTION GENERALE DU TRESOR,0,2031-11-25,100000,EUR,84.431,PERC,,BTFE,BTFE,BLOOMBERG,1,D2C,MTF,DBFTFB,c3f62ec7-c18b-46a8-9171-3e465b5a9c41
2022-06-08 13:13:48.599000,FR0014002WK3,Corporate bond,DIRECTION GENERALE DU TRESOR,0,2031-11-25,210000,EUR,84.48,PERC,,BTFE,BTFE,BLOOMBERG,1,D2C,MTF,DBFTFB,e8c55d75-5ca8-4a2f-a541-df94a2d31f5e
2022-06-08 12:26:21.316000,FR0014002WK3,Corporate bond,DIRECTION GENERALE DU TRESOR,0,2031-11-25,104000,EUR,84.416,PERC,,BTFE,BTFE,BLOOMBERG,1,D2C,MTF,DBFTFB,054ccf5e-0787-4b8d-999c-4854be03294c
2022-06-08 12:22:20.701000,FR0014002WK3,Corporate bond,DIRECTION GENERALE DU TRESOR,0,2031-11-25,1000,EUR,84.533,PERC,,BTFE,BTFE,BLOOMBERG,1,D2C,MTF,DBFTFB,7df67017-d5c6-4091-993a-d3d8c477f50b
2022-06-08 09:21:35.818000,FR0014002WK3,Corporate bond,DIRECTION GENERALE DU TRESOR,0,2031-11-25,2000000,EUR,84.637,PERC,,BTFE,BTFE,BLOOMBERG,1,D2C,MTF,DBFTFB,3b7287d5-c8c0-449f-bcbf-1e7cde824c55
2022-06-08 09:19:37.759000,FR0014002WK3,Corporate bond,DIRECTION GENERALE DU TRESOR,0,2031-11-25,2000000,EUR,84.765,PERC,,BTFE,BTFE,BLOOMBERG,1,D2C,MTF,DBFTFB,ec2641a1-f457-48a8-832f-1fb79c26c3cb
2022-06-07 15:17:01.751000,FR0014002WK3,Corporate bond,DIRECTION GENERALE DU TRESOR,0,2031-11-25,900000,EUR,85.093,PERC,,BTFE,BTFE,BLOOMBERG,1,D2C,MTF,DBFTFB,5bf57375-57e9-46d4-b31b-963f8cd4a074
2022-06-07 14:40:01.219000,FR0014002WK3,Corporate bond,DIRECTION GENERALE DU TRESOR,0,2031-11-25,1000000,EUR,85.047,PERC,,BTFE,BTFE,BLOOMBERG,1,D2C,MTF,DBFTFB,b1ee0798-2e03-40f2-8781-b7ca65c3dadb
2022-06-07 13:18:31.178000,FR0014002WK3,Corporate bond,DIRECTION GENERALE DU TRESOR,0,2031-11-25,458000,EUR,84.943,PERC,,BTFE,BTFE,BLOOMBERG,1,D2C,MTF,DBFTFB,0401017e-d0a3-4680-8e64-e4670b346950
2022-06-07 11:17:51.852000,FR0014002WK3,Corporate bond,DIRECTION GENERALE DU TRESOR,0,2031-11-25,2000000,EUR,84.922,PERC,,BTFE,BTFE,BLOOMBERG,1,D2C,MTF,DBFTFB,8019309d-4cac-4358-9ec2-5de8a27bc180
2022-06-07 11:17:01.784000,FR0014002WK3,Corporate bond,DIRECTION GENERALE DU TRESOR,0,2031-11-25,2000000,EUR,84.921,PERC,,BTFE,BTFE,BLOOMBERG,1,D2C,MTF,DBFTFB,7747dca0-f106-4f5d-a13a-a63a456c0a2d
2022-06-07 11:13:04.146000,FR0014002WK3,Corporate bond,DIRECTION GENERALE DU TRESOR,0,2031-11-25,1200000,EUR,84.882,PERC,,BTFE,BTFE,BLOOMBERG,1,D2C,MTF,DBFTFB,1e4c22bc-dd6c-4769-93f3-f15d65d120fc
2022-06-07 10:39:15.573000,FR0014002WK3,Corporate bond,DIRECTION GENERALE DU TRESOR,0,2031-11-25,1200000,EUR,84.906,PERC,,BTFE,BTFE,BLOOMBERG,1,D2C,MTF,DBFTFB,2ab10945-07ae-409b-adc4-e9d78720313a
2022-06-07 10:30:39.602000,FR0014002WK3,Corporate bond,DIRECTION GENERALE DU TRESOR,0,2031-11-25,2000000,EUR,84.908,PERC,,BTFE,BTFE,BLOOMBERG,1,D2C,MTF,DBFTFB,67b2c0a7-1c03-4c6b-b077-daa0b7067403
2022-06-07 10:19:27.642000,FR0014002WK3,Corporate bond,DIRECTION GENERALE DU TRESOR,0,2031-11-25,2000000,EUR,84.936,PERC,,BTFE,BTFE,BLOOMBERG,1,D2C,MTF,DBFTFB,b066e13e-b909-4013-87eb-2bb90629ed40
2022-06-07 10:04:24.953000,FR0014002WK3,Corporate bond,DIRECTION GENERALE DU TRESOR,0,2031-11-25,2000000,EUR,84.952,PERC,,BTFE,BTFE,BLOOMBERG,1,D2C,MTF,DBFTFB,3f7fabfb-2cc9-4528-ba85-5bf2e45e0876
2022-06-07 10:00:35.746000,FR0014002WK3,Corporate bond,DIRECTION GENERALE DU TRESOR,0,2031-11-25,2000000,EUR,84.936,PERC,,BTFE,BTFE,BLOOMBERG,1,D2C,MTF,DBFTFB,c2e7dd98-fb97-447a-8291-c020ef5b8a43
2022-06-07 09:57:56.082000,FR0014002WK3,Corporate bond,DIRECTION GENERALE DU TRESOR,0,2031-11-25,2000000,EUR,84.937,PERC,,BTFE,BTFE,BLOOMBERG,1,D2C,MTF,DBFTFB,19b67b35-00c3-4ec3-9b2a-ebf38293c437
2022-06-07 09:56:38.138000,FR0014002WK3,Corporate bond,DIRECTION GENERALE DU TRESOR,0,2031-11-25,1200000,EUR,84.938,PERC,,BTFE,BTFE,BLOOMBERG,1,D2C,MTF,DBFTFB,4f5ddd8e-755e-4e0a-b5b1-40415ea3d0e7
2022-06-07 09:55:20.849000,FR0014002WK3,Corporate bond,DIRECTION GENERALE DU TRESOR,0,2031-11-25,2000000,EUR,84.948,PERC,,BTFE,BTFE,BLOOMBERG,1,D2C,MTF,DBFTFB,8474e6bd-ba2e-47fa-afae-8a5ff5994fbc
2022-06-07 09:03:03.092000,FR0014002WK3,Corporate bond,DIRECTION GENERALE DU TRESOR,0,2031-11-25,2000000,EUR,84.984,PERC,,BTFE,BTFE,BLOOMBERG,1,D2C,MTF,DBFTFB,89d26e39-fd4c-463b-8bcb-57e09af75a73
2022-06-07 09:00:31.055000,FR0014002WK3,Corporate bond,DIRECTION GENERALE DU TRESOR,0,2031-11-25,2000000,EUR,84.975,PERC,,BTFE,BTFE,BLOOMBERG,1,D2C,MTF,DBFTFB,267fbcb5-0331-4237-9397-75fc9858907b
2022-06-07 06:46:51.652053,FR0014002WK3,Corporate bond,DIRECTION GENERALE DU TRESOR,0,2031-11-25,102268000,EUR,86.376625,PERC,IDAF SIZE,BTFE,BTFE,BLOOMBERG,30,D2C,MTF,DBFTFB,
2022-06-06 15:00:17.860000,FR0014002WK3,Corporate bond,DIRECTION GENERALE DU TRESOR,0,2031-11-25,155000,EUR,84.779,PERC,,BTFE,BTFE,BLOOMBERG,1,D2C,MTF,DBFTFB,df72c8c4-b767-40c3-a25c-0eb44e148a1c
2022-06-06 12:35:43.431000,FR0014002WK3,Corporate bond,DIRECTION GENERALE DU TRESOR,0,2031-11-25,2000000,EUR,85.012,PERC,,BTFE,BTFE,BLOOMBERG,1,D2C,MTF,DBFTFB,a31ffa76-2736-4b53-aea5-b1d2042f8926
2022-06-06 12:31:38.565000,FR0014002WK3,Corporate bond,DIRECTION GENERALE DU TRESOR,0,2031-11-25,2000000,EUR,85.039,PERC,,BTFE,BTFE,BLOOMBERG,1,D2C,MTF,DBFTFB,c0a7bb79-b831-4cfe-8b87-8e2457ee8d47
2022-06-06 12:21:31.350000,FR0014002WK3,Corporate bond,DIRECTION GENERALE DU TRESOR,0,2031-11-25,2000000,EUR,85.028,PERC,,BTFE,BTFE,BLOOMBERG,1,D2C,MTF,DBFTFB,060ac04b-98a5-426a-9cc8-02fe2bfe98f4
2022-06-06 12:18:57.759000,FR0014002WK3,Corporate bond,DIRECTION GENERALE DU TRESOR,0,2031-11-25,2000000,EUR,85.056,PERC,,BTFE,BTFE,BLOOMBERG,1,D2C,MTF,DBFTFB,bf0a24a4-0316-413c-af41-7ef234fa981c
2022-06-06 11:02:31.627000,FR0014002WK3,Corporate bond,DIRECTION GENERALE DU TRESOR,0,2031-11-25,506000,EUR,85.166,PERC,,BTFE,BTFE,BLOOMBERG,1,D2C,MTF,DBFTFB,98f24e54-17a4-44c6-a7ee-2715b8500173
2022-06-03 12:52:06.027000,FR0014002WK3,Corporate bond,DIRECTION GENERALE DU TRESOR,0,2031-11-25,2000000,EUR,84.97,PERC,,BTFE,BTFE,BLOOMBERG,1,D2C,MTF,DBFTFB,95eb5737-3500-4f44-b990-a9f6ce8768cc
2022-06-03 12:49:43.949000,FR0014002WK3,Corporate bond,DIRECTION GENERALE DU TRESOR,0,2031-11-25,2000000,EUR,84.999,PERC,,BTFE,BTFE,BLOOMBERG,1,D2C,MTF,DBFTFB,4f67f051-823c-45ee-b4a8-d2f86869e277
2022-06-03 12:39:42.347000,FR0014002WK3,Corporate bond,DIRECTION GENERALE DU TRESOR,0,2031-11-25,5000,EUR,84.916,PERC,,BTFE,BTFE,BLOOMBERG,1,D2C,MTF,DBFTFB,1f235dc3-36c2-4a24-b23f-f5f17da46eeb
2022-06-03 07:48:29.888000,FR0014002WK3,Corporate bond,DIRECTION GENERALE DU TRESOR,0,2031-11-25,2000000,EUR,85.379,PERC,,BTFE,BTFE,BLOOMBERG,1,D2C,MTF,DBFTFB,f29ba9c8-73bf-4e95-b54b-8c4ec8380e96
2022-06-03 07:44:58.314000,FR0014002WK3,Corporate bond,DIRECTION GENERALE DU TRESOR,0,2031-11-25,2000000,EUR,85.374,PERC,,BTFE,BTFE,BLOOMBERG,1,D2C,MTF,DBFTFB,cac70a9c-5744-42c5-81ea-524ef5ad2d1c
2022-06-03 07:31:47.507000,FR0014002WK3,Corporate bond,DIRECTION GENERALE DU TRESOR,0,2031-11-25,2000000,EUR,85.414,PERC,,BTFE,BTFE,BLOOMBERG,1,D2C,MTF,DBFTFB,27916a43-abbe-469d-9c70-ca42d7ca008b
2022-06-03 07:18:52.956000,FR0014002WK3,Corporate bond,DIRECTION GENERALE DU TRESOR,0,2031-11-25,2000000,EUR,85.354,PERC,,BTFE,BTFE,BLOOMBERG,1,D2C,MTF,DBFTFB,1fbe18d0-cfc9-474e-a7f1-06a7d4add596
2022-06-02 14:27:10.580000,FR0014002WK3,Corporate bond,DIRECTION GENERALE DU TRESOR,0,2031-11-25,797000,EUR,85.315,PERC,,BTFE,BTFE,BLOOMBERG,1,D2C,MTF,DBFTFB,7eb5d60f-cca5-425e-b307-df8efb486275
2022-06-02 12:39:34.582000,FR0014002WK3,Corporate bond,DIRECTION GENERALE DU TRESOR,0,2031-11-25,5000,EUR,85.677,PERC,,BTFE,BTFE,BLOOMBERG,1,D2C,MTF,DBFTFB,101c1c90-632d-4c5e-8e4d-71970077d663
2022-06-02 11:58:13.834000,FR0014002WK3,Corporate bond,DIRECTION GENERALE DU TRESOR,0,2031-11-25,2000000,EUR,85.679,PERC,,BTFE,BTFE,BLOOMBERG,1,D2C,MTF,DBFTFB,7e9917e4-92df-4fa2-8381-ff67631c222c
2022-06-02 11:54:31.557000,FR0014002WK3,Corporate bond,DIRECTION GENERALE DU TRESOR,0,2031-11-25,2000000,EUR,85.703,PERC,,BTFE,BTFE,BLOOMBERG,1,D2C,MTF,DBFTFB,52e41e12-6447-407e-a053-0ccd12126227
2022-06-02 10:51:26.919000,FR0014002WK3,Corporate bond,DIRECTION GENERALE DU TRESOR,0,2031-11-25,13000,EUR,85.541,PERC,,BTFE,BTFE,BLOOMBERG,1,D2C,MTF,DBFTFB,5d8ae953-ca3e-4ed6-ab7d-6effc7a4dbb4
2022-06-02 10:45:59.883000,FR0014002WK3,Corporate bond,DIRECTION GENERALE DU TRESOR,0,2031-11-25,8000,EUR,85.592,PERC,,BTFE,BTFE,BLOOMBERG,1,D2C,MTF,DBFTFB,7072b4ac-c112-4886-ba9c-a05dd8c5aded
2022-06-02 09:27:25.839000,FR0014002WK3,Corporate bond,DIRECTION GENERALE DU TRESOR,0,2031-11-25,2000000,EUR,85.589,PERC,,BTFE,BTFE,BLOOMBERG,1,D2C,MTF,DBFTFB,93dbe6bb-f204-4a62-be48-01e02a8a1f64
2022-06-02 09:20:46.956000,FR0014002WK3,Corporate bond,DIRECTION GENERALE DU TRESOR,0,2031-11-25,2000000,EUR,85.652,PERC,,BTFE,BTFE,BLOOMBERG,1,D2C,MTF,DBFTFB,4cd190c0-725b-49bb-8f12-7de61efc55af
2022-06-02 08:52:50.845000,FR0014002WK3,Corporate bond,DIRECTION GENERALE DU TRESOR,0,2031-11-25,2000000,EUR,85.589,PERC,,BTFE,BTFE,BLOOMBERG,1,D2C,MTF,DBFTFB,1db23ad4-9992-4e81-8269-c6b617b6eabe
2022-06-02 08:47:39.321000,FR0014002WK3,Corporate bond,DIRECTION GENERALE DU TRESOR,0,2031-11-25,2000000,EUR,85.47,PERC,,BTFE,BTFE,BLOOMBERG,1,D2C,MTF,DBFTFB,a0df7a47-4211-4e79-95af-544282694b16
2022-06-02 08:35:49.410000,FR0014002WK3,Corporate bond,DIRECTION GENERALE DU TRESOR,0,2031-11-25,2000000,EUR,85.458,PERC,,BTFE,BTFE,BLOOMBERG,1,D2C,MTF,DBFTFB,d13780a5-84bd-4b0b-845b-a116ee74d9c5
2022-06-02 08:30:17.846000,FR0014002WK3,Corporate bond,DIRECTION GENERALE DU TRESOR,0,2031-11-25,2000000,EUR,85.51,PERC,,BTFE,BTFE,BLOOMBERG,1,D2C,MTF,DBFTFB,1abe0663-d783-405f-a368-3e53246fd67e
2022-06-01 13:40:44.854000,FR0014002WK3,Corporate bond,DIRECTION GENERALE DU TRESOR,0,2031-11-25,59000,EUR,86.274,PERC,,BTFE,BTFE,BLOOMBERG,1,D2C,MTF,DBFTFB,987affcf-b37f-4261-87aa-202e295cbea6
2022-06-01 13:33:03.801000,FR0014002WK3,Corporate bond,DIRECTION GENERALE DU TRESOR,0,2031-11-25,2000000,EUR,86.17,PERC,,BTFE,BTFE,BLOOMBERG,1,D2C,MTF,DBFTFB,6c1ae414-2434-4105-8457-16ee24b86e58
2022-06-01 13:30:58.744000,FR0014002WK3,Corporate bond,DIRECTION GENERALE DU TRESOR,0,2031-11-25,2000000,EUR,86.217,PERC,,BTFE,BTFE,BLOOMBERG,1,D2C,MTF,DBFTFB,2b333500-a180-428d-b6e1-90bb7be77b3e
2022-06-01 12:46:03.734000,FR0014002WK3,Corporate bond,DIRECTION GENERALE DU TRESOR,0,2031-11-25,2000000,EUR,86.23,PERC,,BTFE,BTFE,BLOOMBERG,1,D2C,MTF,DBFTFB,381624a2-3a04-435a-803b-a153e81aee23
2022-06-01 12:43:35.238000,FR0014002WK3,Corporate bond,DIRECTION GENERALE DU TRESOR,0,2031-11-25,2000000,EUR,86.173,PERC,,BTFE,BTFE,BLOOMBERG,1,D2C,MTF,DBFTFB,d8def32a-67ab-4452-8cd5-07048a7a6487
2022-06-01 11:10:01.176000,FR0014002WK3,Corporate bond,DIRECTION GENERALE DU TRESOR,0,2031-11-25,2000000,EUR,86.179,PERC,,BTFE,BTFE,BLOOMBERG,1,D2C,MTF,DBFTFB,2928f95c-d268-4e05-87b7-c00c7f0d2f51
2022-06-01 11:06:18.077000,FR0014002WK3,Corporate bond,DIRECTION GENERALE DU TRESOR,0,2031-11-25,2000000,EUR,86.233,PERC,,BTFE,BTFE,BLOOMBERG,1,D2C,MTF,DBFTFB,7c538233-b1a9-4a26-bbe8-b68da05a159f
2022-06-01 10:22:42.252000,FR0014002WK3,Corporate bond,DIRECTION GENERALE DU TRESOR,0,2031-11-25,25000,EUR,86.296,PERC,,BTFE,BTFE,BLOOMBERG,1,D2C,MTF,DBFTFB,87743f4a-bebe-4502-ae63-aec4b995cf84
2022-06-01 10:19:42.342000,FR0014002WK3,Corporate bond,DIRECTION GENERALE DU TRESOR,0,2031-11-25,4000,EUR,86.318,PERC,,BTFE,BTFE,BLOOMBERG,1,D2C,MTF,DBFTFB,c00d49d8-47ca-48b8-bf8e-59c03dcd8a3e
2022-06-01 08:23:40.970000,FR0014002WK3,Corporate bond,DIRECTION GENERALE DU TRESOR,0,2031-11-25,277000,EUR,86.14,PERC,,BTFE,BTFE,BLOOMBERG,1,D2C,MTF,DBFTFB,d14589f6-309d-4fbd-9c32-1fa3447aee47
2022-06-01 07:22:53.372000,FR0014002WK3,Corporate bond,DIRECTION GENERALE DU TRESOR,0,2031-11-25,2000000,EUR,86.086,PERC,,BTFE,BTFE,BLOOMBERG,1,D2C,MTF,DBFTFB,1806c52b-025e-429c-a867-a13d97ae34b1
2022-06-01 07:15:42.642000,FR0014002WK3,Corporate bond,DIRECTION GENERALE DU TRESOR,0,2031-11-25,2000000,EUR,86.133,PERC,,BTFE,BTFE,BLOOMBERG,1,D2C,MTF,DBFTFB,70ff89ef-eee1-444b-a730-1adbbc39a002
2022-05-31 15:20:33.738000,FR0014002WK3,Corporate bond,DIRECTION GENERALE DU TRESOR,0,2031-11-25,300000,EUR,86.247,PERC,,BTFE,BTFE,BLOOMBERG,1,D2C,MTF,DBFTFB,6ff3dbc7-c417-4201-9c3e-4988d84a5986
2022-05-31 15:14:37.882000,FR0014002WK3,Corporate bond,DIRECTION GENERALE DU TRESOR,0,2031-11-25,275000,EUR,86.192,PERC,,BTFE,BTFE,BLOOMBERG,1,D2C,MTF,DBFTFB,5dc44572-6dae-433e-9da8-fa35c6beeb82
2022-05-31 15:13:30.851000,FR0014002WK3,Corporate bond,DIRECTION GENERALE DU TRESOR,0,2031-11-25,600000,EUR,86.206,PERC,,BTFE,BTFE,BLOOMBERG,1,D2C,MTF,DBFTFB,44494d04-a727-4032-adbc-889848b9ffcd
2022-05-31 14:22:55.911000,FR0014002WK3,Corporate bond,DIRECTION GENERALE DU TRESOR,0,2031-11-25,600000,EUR,86.135,PERC,,BTFE,BTFE,BLOOMBERG,1,D2C,MTF,DBFTFB,4331bc5a-45c7-4b4a-a04f-afec63603617
2022-05-31 13:57:23.655000,FR0014002WK3,Corporate bond,DIRECTION GENERALE DU TRESOR,0,2031-11-25,13000,EUR,86.22,PERC,,BTFE,BTFE,BLOOMBERG,1,D2C,MTF,DBFTFB,a93756ca-c904-46e4-b133-f27d848382e4
2022-05-31 13:36:03.541000,FR0014002WK3,Corporate bond,DIRECTION GENERALE DU TRESOR,0,2031-11-25,39000,EUR,86.261,PERC,,BTFE,BTFE,BLOOMBERG,1,D2C,MTF,DBFTFB,2996c916-a822-4b44-8115-ed2451c90344
2022-05-31 12:52:42.986000,FR0014002WK3,Corporate bond,DIRECTION GENERALE DU TRESOR,0,2031-11-25,400000,EUR,86.191,PERC,,BTFE,BTFE,BLOOMBERG,1,D2C,MTF,DBFTFB,c484f2e2-afa1-47bb-bb9c-7ea002141fb0
2022-05-31 12:00:23.899000,FR0014002WK3,Corporate bond,DIRECTION GENERALE DU TRESOR,0,2031-11-25,1200000,EUR,86.517,PERC,,BTFE,BTFE,BLOOMBERG,1,D2C,MTF,DBFTFB,c970ccc4-b516-447e-8c25-f7a687ee0d5d
2022-05-31 09:00:39.807000,FR0014002WK3,Corporate bond,DIRECTION GENERALE DU TRESOR,0,2031-11-25,2000,EUR,86.729,PERC,,BTFE,BTFE,BLOOMBERG,1,D2C,MTF,DBFTFB,821bb86e-dad7-4470-b561-5e45b0552ed3
2022-05-31 07:49:30.948000,FR0014002WK3,Corporate bond,DIRECTION GENERALE DU TRESOR,0,2031-11-25,14000,EUR,87.083,PERC,,BTFE,BTFE,BLOOMBERG,1,D2C,MTF,DBFTFB,a0c1ca24-e74d-4d54-bd06-03fb30f7f475
2022-05-31 06:45:14.248091,FR0014002WK3,Corporate bond,DIRECTION GENERALE DU TRESOR,0,2031-11-25,96250000,EUR,87.408156,PERC,IDAF SIZE,BTFE,BTFE,BLOOMBERG,27,D2C,MTF,DBFTFB,
2022-05-30 14:44:52.333000,FR0014002WK3,Corporate bond,DIRECTION GENERALE DU TRESOR,0,2031-11-25,5000,EUR,86.86,PERC,,BTFE,BTFE,BLOOMBERG,1,D2C,MTF,DBFTFB,06f6e167-aa64-46ef-bd0e-3e2082a821d1
2022-05-30 13:40:18.525000,FR0014002WK3,Corporate bond,DIRECTION GENERALE DU TRESOR,0,2031-11-25,143000,EUR,86.761,PERC,,BTFE,BTFE,BLOOMBERG,1,D2C,MTF,DBFTFB,c60582db-272b-41bb-8ecb-da91522e34c5
2022-05-30 13:32:30.259000,FR0014002WK3,Corporate bond,DIRECTION GENERALE DU TRESOR,0,2031-11-25,88000,EUR,86.812,PERC,,BTFE,BTFE,BLOOMBERG,1,D2C,MTF,DBFTFB,bb028075-5ad1-483e-8546-2573324f2aa5
2022-05-27 13:08:20.902000,FR0014002WK3,Corporate bond,DIRECTION GENERALE DU TRESOR,0,2031-11-25,16000,EUR,87.727,PERC,,BTFE,BTFE,BLOOMBERG,1,D2C,MTF,DBFTFB,4539d6b6-b88a-4b80-aad4-e7d04372032a
2022-05-26 13:39:01.674000,FR0014002WK3,Corporate bond,DIRECTION GENERALE DU TRESOR,0,2031-11-25,5000,EUR,87.438,PERC,,BTFE,BTFE,BLOOMBERG,1,D2C,MTF,DBFTFB,24c4c425-aaf0-4798-9643-20d894a684ee
2022-05-26 11:22:53.048000,FR0014002WK3,Corporate bond,DIRECTION GENERALE DU TRESOR,0,2031-11-25,25000,EUR,87.491,PERC,,BTFE,BTFE,BLOOMBERG,1,D2C,MTF,DBFTFB,2dc43e6e-fbf3-4229-8a85-0a91b12addd3
2022-05-26 09:52:25.933000,FR0014002WK3,Corporate bond,DIRECTION GENERALE DU TRESOR,0,2031-11-25,1000,EUR,87.765,PERC,,BTFE,BTFE,BLOOMBERG,1,D2C,MTF,DBFTFB,3825857e-b3bc-4162-aa52-ec3467fefd63
2022-05-25 14:50:47.019000,FR0014002WK3,Corporate bond,DIRECTION GENERALE DU TRESOR,0,2031-11-25,500000,EUR,87.536,PERC,,BTFE,BTFE,BLOOMBERG,1,D2C,MTF,DBFTFB,6bd9b530-f0c8-4e83-936e-ca6e48aa93ee
2022-05-25 14:43:02.806000,FR0014002WK3,Corporate bond,DIRECTION GENERALE DU TRESOR,0,2031-11-25,376000,EUR,87.477,PERC,,BTFE,BTFE,BLOOMBERG,1,D2C,MTF,DBFTFB,35099ca5-fdf9-4cc3-88a4-9b1dc3c5eb8a
2022-05-25 13:42:20.407000,FR0014002WK3,Corporate bond,DIRECTION GENERALE DU TRESOR,0,2031-11-25,120000,EUR,87.619,PERC,,BTFE,BTFE,BLOOMBERG,1,D2C,MTF,DBFTFB,b4c24432-5c2c-45a7-b567-78f033aeb42d
2022-05-25 13:38:39.428000,FR0014002WK3,Corporate bond,DIRECTION GENERALE DU TRESOR,0,2031-11-25,33000,EUR,87.68,PERC,,BTFE,BTFE,BLOOMBERG,1,D2C,MTF,DBFTFB,69ca9f74-585d-40c4-925b-0974185c7f13
2022-05-25 12:57:08.450000,FR0014002WK3,Corporate bond,DIRECTION GENERALE DU TRESOR,0,2031-11-25,1500000,EUR,87.721,PERC,,BTFE,BTFE,BLOOMBERG,1,D2C,MTF,DBFTFB,f705a40e-d6f8-44ae-ab47-164bab4f8aaf
2022-05-25 12:54:51.143000,FR0014002WK3,Corporate bond,DIRECTION GENERALE DU TRESOR,0,2031-11-25,1500000,EUR,87.728,PERC,,BTFE,BTFE,BLOOMBERG,1,D2C,MTF,DBFTFB,2460f0c7-c414-43e1-9f75-e2db07dc7b4e
2022-05-25 12:16:43.918000,FR0014002WK3,Corporate bond,DIRECTION GENERALE DU TRESOR,0,2031-11-25,300000,EUR,87.727,PERC,,BTFE,BTFE,BLOOMBERG,1,D2C,MTF,DBFTFB,b4f9e102-571e-4ee8-b652-c77708f43a23
2022-05-25 11:47:34.304000,FR0014002WK3,Corporate bond,DIRECTION GENERALE DU TRESOR,0,2031-11-25,1500000,EUR,87.814,PERC,,BTFE,BTFE,BLOOMBERG,1,D2C,MTF,DBFTFB,6444f9fe-e3bb-4ea4-8e0a-0f4c6e2dcc72
2022-05-25 11:44:14.158000,FR0014002WK3,Corporate bond,DIRECTION GENERALE DU TRESOR,0,2031-11-25,1500000,EUR,87.807,PERC,,BTFE,BTFE,BLOOMBERG,1,D2C,MTF,DBFTFB,f960d7ca-9d80-4107-a4cf-ae4b147e7996
2022-05-25 10:17:31.688000,FR0014002WK3,Corporate bond,DIRECTION GENERALE DU TRESOR,0,2031-11-25,5000,EUR,87.606,PERC,,BTFE,BTFE,BLOOMBERG,1,D2C,MTF,DBFTFB,d8291a12-d7ec-4250-ad9f-6fbae35ee9d2
2022-05-25 09:49:28.768000,FR0014002WK3,Corporate bond,DIRECTION GENERALE DU TRESOR,0,2031-11-25,100000,EUR,87.655,PERC,,BTFE,BTFE,BLOOMBERG,1,D2C,MTF,DBFTFB,aa9164d7-82a7-4b7b-ba4d-d439c5f5a2a0
2022-05-24 14:23:18.834000,FR0014002WK3,Corporate bond,DIRECTION GENERALE DU TRESOR,0,2031-11-25,106000,EUR,87.458,PERC,,BTFE,BTFE,BLOOMBERG,1,D2C,MTF,DBFTFB,cccbcef7-cc1b-44b7-bcf2-eb15b13f512b
2022-05-24 13:16:52.980000,FR0014002WK3,Corporate bond,DIRECTION GENERALE DU TRESOR,0,2031-11-25,1000,EUR,87.046,PERC,,BTFE,BTFE,BLOOMBERG,1,D2C,MTF,DBFTFB,681706d2-0aef-493d-bd09-f70e4033bf60
2022-05-24 12:57:42.018000,FR0014002WK3,Corporate bond,DIRECTION GENERALE DU TRESOR,0,2031-11-25,632000,EUR,86.981,PERC,,BTFE,BTFE,BLOOMBERG,1,D2C,MTF,DBFTFB,a621bbb9-f526-4321-9b74-7338f25c3c61
2022-05-24 08:20:28.379000,FR0014002WK3,Corporate bond,DIRECTION GENERALE DU TRESOR,0,2031-11-25,8000,EUR,87.27,PERC,,BTFE,BTFE,BLOOMBERG,1,D2C,MTF,DBFTFB,6353011d-5e39-4093-a590-afcffef7c262
2022-05-24 06:48:16.426395,FR0014002WK3,Corporate bond,DIRECTION GENERALE DU TRESOR,0,2031-11-25,143254000,EUR,87.323391,PERC,IDAF SIZE,BTFE,BTFE,BLOOMBERG,23,D2C,MTF,DBFTFB,
2022-05-23 13:07:53.611000,FR0014002WK3,Corporate bond,DIRECTION GENERALE DU TRESOR,0,2031-11-25,3000,EUR,87.284,PERC,,BTFE,BTFE,BLOOMBERG,1,D2C,MTF,DBFTFB,bf9c27e6-8f42-489c-a76f-6a418fc388f7
2022-05-20 13:27:03.991000,FR0014002WK3,Corporate bond,DIRECTION GENERALE DU TRESOR,0,2031-11-25,5000,EUR,87.448,PERC,,BTFE,BTFE,BLOOMBERG,1,D2C,MTF,DBFTFB,5218adea-da1c-443d-a176-ebb96d50f365
2022-05-20 12:51:39.676000,FR0014002WK3,Corporate bond,DIRECTION GENERALE DU TRESOR,0,2031-11-25,60000,EUR,87.624,PERC,,BTFE,BTFE,BLOOMBERG,1,D2C,MTF,DBFTFB,4c99e87f-bc36-4f9e-ac07-7552aba31ed5
2022-05-20 10:04:35.314000,FR0014002WK3,Corporate bond,DIRECTION GENERALE DU TRESOR,0,2031-11-25,1000,EUR,87.362,PERC,,BTFE,BTFE,BLOOMBERG,1,D2C,MTF,DBFTFB,4a6c2344-f093-4863-aa43-a26308a7bad6
2022-05-20 06:39:01.812000,FR0014002WK3,Corporate bond,DIRECTION GENERALE DU TRESOR,0,2031-11-25,1600000,EUR,87.41,PERC,,BTFE,BTFE,BLOOMBERG,1,D2C,MTF,DBFTFB,f4a724c2-e285-44f3-8123-43a5d0e65bd0
2022-05-19 14:47:53.700000,FR0014002WK3,Corporate bond,DIRECTION GENERALE DU TRESOR,0,2031-11-25,500000,EUR,87.74,PERC,,BTFE,BTFE,BLOOMBERG,1,D2C,MTF,DBFTFB,428e507a-75a6-477e-9f9d-70c43445c198
2022-05-19 14:35:45.567000,FR0014002WK3,Corporate bond,DIRECTION GENERALE DU TRESOR,0,2031-11-25,5000,EUR,87.696,PERC,,BTFE,BTFE,BLOOMBERG,1,D2C,MTF,DBFTFB,348238f7-6c5f-4417-8cdd-37da75bd5094
2022-05-19 13:48:27.322000,FR0014002WK3,Corporate bond,DIRECTION GENERALE DU TRESOR,0,2031-11-25,5000,EUR,87.874,PERC,,BTFE,BTFE,BLOOMBERG,1,D2C,MTF,DBFTFB,629cdf97-8454-48f9-8bde-1d5ee0bc1b2b
2022-05-18 15:13:42.327000,FR0014002WK3,Corporate bond,DIRECTION GENERALE DU TRESOR,0,2031-11-25,1400000,EUR,87.229,PERC,,BTFE,BTFE,BLOOMBERG,1,D2C,MTF,DBFTFB,dec76acb-4e44-4914-acb1-84dd3b46e5c1
2022-05-18 15:13:34.307000,FR0014002WK3,Corporate bond,DIRECTION GENERALE DU TRESOR,0,2031-11-25,100000,EUR,87.217,PERC,,BTFE,BTFE,BLOOMBERG,1,D2C,MTF,DBFTFB,99555010-b63a-4db0-9648-465ba8201575
2022-05-18 14:04:43.693000,FR0014002WK3,Corporate bond,DIRECTION GENERALE DU TRESOR,0,2031-11-25,4000,EUR,86.898,PERC,,BTFE,BTFE,BLOOMBERG,1,D2C,MTF,DBFTFB,b973d993-4b27-4f19-a876-1d97407564c5
2022-05-18 13:25:40.820000,FR0014002WK3,Corporate bond,DIRECTION GENERALE DU TRESOR,0,2031-11-25,9000,EUR,86.726,PERC,,BTFE,BTFE,BLOOMBERG,1,D2C,MTF,DBFTFB,945b3363-1204-4079-ba1f-824a50a06654
2022-05-18 13:19:16.092000,FR0014002WK3,Corporate bond,DIRECTION GENERALE DU TRESOR,0,2031-11-25,200000,EUR,86.77,PERC,,BTFE,BTFE,BLOOMBERG,1,D2C,MTF,DBFTFB,f8f2a155-1433-4d7c-b058-fe3b0a1c68c2
2022-05-18 11:49:27.123000,FR0014002WK3,Corporate bond,DIRECTION GENERALE DU TRESOR,0,2031-11-25,1250000,EUR,86.719,PERC,,BTFE,BTFE,BLOOMBERG,1,D2C,MTF,DBFTFB,81084e67-3aef-42d1-900d-2685920800d7
2022-05-18 10:36:39.897000,FR0014002WK3,Corporate bond,DIRECTION GENERALE DU TRESOR,0,2031-11-25,1500000,EUR,86.83,PERC,,BTFE,BTFE,BLOOMBERG,1,D2C,MTF,DBFTFB,a335c519-8d41-43d3-b86b-71bafb316b41
2022-05-18 10:34:05.381000,FR0014002WK3,Corporate bond,DIRECTION GENERALE DU TRESOR,0,2031-11-25,1500000,EUR,86.859,PERC,,BTFE,BTFE,BLOOMBERG,1,D2C,MTF,DBFTFB,7794f0d1-e0f9-4346-aaab-24b848fbf6dc
2022-05-18 08:54:13.870000,FR0014002WK3,Corporate bond,DIRECTION GENERALE DU TRESOR,0,2031-11-25,1500000,EUR,87.026,PERC,,BTFE,BTFE,BLOOMBERG,1,D2C,MTF,DBFTFB,0fbe983f-92c4-4ad0-82ac-ce2992958076
2022-05-18 08:52:23.686000,FR0014002WK3,Corporate bond,DIRECTION GENERALE DU TRESOR,0,2031-11-25,1500000,EUR,87.023,PERC,,BTFE,BTFE,BLOOMBERG,1,D2C,MTF,DBFTFB,17cbeb37-e663-4e7d-a31e-1c8c31499856
2022-05-18 08:11:30.835000,FR0014002WK3,Corporate bond,DIRECTION GENERALE DU TRESOR,0,2031-11-25,1500000,EUR,86.941,PERC,,BTFE,BTFE,BLOOMBERG,1,D2C,MTF,DBFTFB,f9ebb23c-8cf8-4094-aefa-3aca35cde5d0
2022-05-18 08:08:51.834000,FR0014002WK3,Corporate bond,DIRECTION GENERALE DU TRESOR,0,2031-11-25,1500000,EUR,86.878,PERC,,BTFE,BTFE,BLOOMBERG,1,D2C,MTF,DBFTFB,43e21322-0184-4f4f-9f94-8d06838e63d8
2022-05-18 07:27:49.211000,FR0014002WK3,Corporate bond,DIRECTION GENERALE DU TRESOR,0,2031-11-25,1500000,EUR,86.865,PERC,,BTFE,BTFE,BLOOMBERG,1,D2C,MTF,DBFTFB,196916b1-bc6f-4937-80ce-5c9a92120245
2022-05-18 07:25:35.197000,FR0014002WK3,Corporate bond,DIRECTION GENERALE DU TRESOR,0,2031-11-25,1500000,EUR,86.858,PERC,,BTFE,BTFE,BLOOMBERG,1,D2C,MTF,DBFTFB,866c294a-a632-42f7-b9c5-4ef4eb974c15
2022-05-18 06:58:24.507000,FR0014002WK3,Corporate bond,DIRECTION GENERALE DU TRESOR,0,2031-11-25,500000,EUR,86.88,PERC,,BTFE,BTFE,BLOOMBERG,1,D2C,MTF,DBFTFB,43a31100-8276-473b-9f31-ef41a7254a08
2022-05-17 15:17:28.348000,FR0014002WK3,Corporate bond,DIRECTION GENERALE DU TRESOR,0,2031-11-25,5000,EUR,86.937,PERC,,BTFE,BTFE,BLOOMBERG,1,D2C,MTF,DBFTFB,2c5e8193-ed33-497d-97fb-87cf368fad85
2022-05-17 14:35:17.971000,FR0014002WK3,Corporate bond,DIRECTION GENERALE DU TRESOR,0,2031-11-25,137000,EUR,86.95,PERC,,BTFE,BTFE,BLOOMBERG,1,D2C,MTF,DBFTFB,b5c1a2f6-94bb-499d-8f76-f03408bdab4e
2022-05-17 14:30:30.020000,FR0014002WK3,Corporate bond,DIRECTION GENERALE DU TRESOR,0,2031-11-25,48000,EUR,86.913,PERC,,BTFE,BTFE,BLOOMBERG,1,D2C,MTF,DBFTFB,151d7009-3eb2-478f-b0c2-c972c869a0dc
2022-05-17 13:43:59.470000,FR0014002WK3,Corporate bond,DIRECTION GENERALE DU TRESOR,0,2031-11-25,12000,EUR,86.901,PERC,,BTFE,BTFE,BLOOMBERG,1,D2C,MTF,DBFTFB,f338d465-10b9-4728-8a67-316b1c5cd8c8
2022-05-17 13:41:46.581000,FR0014002WK3,Corporate bond,DIRECTION GENERALE DU TRESOR,0,2031-11-25,1800000,EUR,86.896,PERC,,BTFE,BTFE,BLOOMBERG,1,D2C,MTF,DBFTFB,8bd807b1-673e-40d4-8f87-4bfa67ed59a9
2022-05-17 10:43:31.317000,FR0014002WK3,Corporate bond,DIRECTION GENERALE DU TRESOR,0,2031-11-25,3000,EUR,87.19,PERC,,BTFE,BTFE,BLOOMBERG,1,D2C,MTF,DBFTFB,d6c138c2-414c-479f-bd77-e19620758633
2022-05-17 10:42:56.143000,FR0014002WK3,Corporate bond,DIRECTION GENERALE DU TRESOR,0,2031-11-25,1500000,EUR,87.182,PERC,,BTFE,BTFE,BLOOMBERG,1,D2C,MTF,DBFTFB,a9b910db-cdc0-4422-adc9-ea5648723f4c
2022-05-17 10:41:50.485000,FR0014002WK3,Corporate bond,DIRECTION GENERALE DU TRESOR,0,2031-11-25,1500000,EUR,87.165,PERC,,BTFE,BTFE,BLOOMBERG,1,D2C,MTF,DBFTFB,5393f360-9547-43e0-a32e-2b94f0d75b88
2022-05-17 10:33:18.636000,FR0014002WK3,Corporate bond,DIRECTION GENERALE DU TRESOR,0,2031-11-25,1500000,EUR,87.068,PERC,,BTFE,BTFE,BLOOMBERG,1,D2C,MTF,DBFTFB,511d7e29-9efa-43c8-bd5a-9f8690c31e1d
2022-05-17 10:32:00.903000,FR0014002WK3,Corporate bond,DIRECTION GENERALE DU TRESOR,0,2031-11-25,1500000,EUR,87.065,PERC,,BTFE,BTFE,BLOOMBERG,1,D2C,MTF,DBFTFB,db15a20e-bc4c-4916-879e-d1e5dbc6f485
2022-05-17 10:00:10.822000,FR0014002WK3,Corporate bond,DIRECTION GENERALE DU TRESOR,0,2031-11-25,55000,EUR,87.421,PERC,,BTFE,BTFE,BLOOMBERG,1,D2C,MTF,DBFTFB,7bc916b5-d3ed-4a3a-a43f-be3d99444dc2
2022-05-17 09:51:11.922000,FR0014002WK3,Corporate bond,DIRECTION GENERALE DU TRESOR,0,2031-11-25,1500000,EUR,87.367,PERC,,BTFE,BTFE,BLOOMBERG,1,D2C,MTF,DBFTFB,7a9c30af-cfa9-4c7e-aa67-85e49cd44e40
2022-05-17 09:49:28.226000,FR0014002WK3,Corporate bond,DIRECTION GENERALE DU TRESOR,0,2031-11-25,1500000,EUR,87.375,PERC,,BTFE,BTFE,BLOOMBERG,1,D2C,MTF,DBFTFB,ad6b99fe-2020-441e-a754-2de8353b1107
2022-05-17 09:34:43.103000,FR0014002WK3,Corporate bond,DIRECTION GENERALE DU TRESOR,0,2031-11-25,1500000,EUR,87.355,PERC,,BTFE,BTFE,BLOOMBERG,1,D2C,MTF,DBFTFB,050bc096-d732-4aa6-b7eb-eba933279f83
2022-05-17 09:31:08.032000,FR0014002WK3,Corporate bond,DIRECTION GENERALE DU TRESOR,0,2031-11-25,1500000,EUR,87.4,PERC,,BTFE,BTFE,BLOOMBERG,1,D2C,MTF,DBFTFB,b8d1f718-3144-4801-9155-df9081c9eb3d
2022-05-17 06:50:34.218000,FR0014002WK3,Corporate bond,DIRECTION GENERALE DU TRESOR,0,2031-11-25,250000,EUR,87.283,PERC,,BTFE,BTFE,BLOOMBERG,1,D2C,MTF,DBFTFB,40ad8999-87f5-4b16-a587-cc5dd442c6a7
2022-05-17 06:50:28.113131,FR0014002WK3,Corporate bond,DIRECTION GENERALE DU TRESOR,0,2031-11-25,112269000,EUR,86.835514,PERC,IDAF SIZE,BTFE,BTFE,BLOOMBERG,12,D2C,MTF,DBFTFB,
2022-05-16 13:52:49.101000,FR0014002WK3,Corporate bond,DIRECTION GENERALE DU TRESOR,0,2031-11-25,3000,EUR,87.684,PERC,,BTFE,BTFE,BLOOMBERG,1,D2C,MTF,DBFTFB,3d041ffb-a1c2-4035-a14d-803c6849f947
2022-05-16 08:27:22.764000,FR0014002WK3,Corporate bond,DIRECTION GENERALE DU TRESOR,0,2031-11-25,1000,EUR,87.357,PERC,,BTFE,BTFE,BLOOMBERG,1,D2C,MTF,DBFTFB,4576f72b-d0e1-466b-87ef-a814b55b86d7
2022-05-13 13:32:06.708000,FR0014002WK3,Corporate bond,DIRECTION GENERALE DU TRESOR,0,2031-11-25,1049000,EUR,87.907,PERC,,BTFE,BTFE,BLOOMBERG,1,D2C,MTF,DBFTFB,5a7b2fd7-d8cc-4c91-bf46-6f4171c22128
2022-05-13 09:53:40.809000,FR0014002WK3,Corporate bond,DIRECTION GENERALE DU TRESOR,0,2031-11-25,76000,EUR,88.179,PERC,,BTFE,BTFE,BLOOMBERG,1,D2C,MTF,DBFTFB,03492a25-deee-46d2-bbf5-8ec5438707cd
2022-05-13 07:10:39.747000,FR0014002WK3,Corporate bond,DIRECTION GENERALE DU TRESOR,0,2031-11-25,1000000,EUR,88.134,PERC,,BTFE,BTFE,BLOOMBERG,1,D2C,MTF,DBFTFB,618aefb6-993a-4fc2-adef-4072b8200278
