Historical Rts2 Post Trade Microsecond,Historical Rts2 Instrument Identification Code,Bond Type Bond Type Desc,Instruments New Issuer Name,Instruments New Bond Fixed Rate,Instruments New Bond Maturity Date,Historical Rts2 Notional Amount,Historical Rts2 Notional Currency,Historical Rts2 Price,Historical Rts2 Price Notation,Historical Rts2 Flag List,Historical Rts2 Venue of Execution,Historical Rts2 Venue of Publication,Mifid Entities Commercial Name,Historical Rts2 Transaction Count,Mifid Entities Platform Type,Mifid Entities Trading Venue Types,Instruments New Cfi,Historical Rts2 Transaction Identification Code
2022-08-08 15:57:32.944000,FR0014002WK3,Corporate bond,DIRECTION GENERALE DU TRESOR,0,2031-11-25,68000,EUR,88.712,PERC,,TWEM,TWEM,TRADEWEB,1,D2C,MTF,DBFTFB,'3605531723942597253
2022-08-08 10:35:53.890000,FR0014002WK3,Corporate bond,DIRECTION GENERALE DU TRESOR,0,2031-11-25,24000,EUR,88.711,PERC,,TWEM,TWEM,TRADEWEB,1,D2C,MTF,DBFTFB,'3605531723942594596
2022-08-05 15:13:38.031000,FR0014002WK3,Corporate bond,DIRECTION GENERALE DU TRESOR,0,2031-11-25,756000,EUR,88.367,PERC,,TWEM,TWEM,TRADEWEB,1,D2C,MTF,DBFTFB,'3605528425407713937
2022-08-05 14:01:09.000000,FR0014002WK3,Corporate bond,DIRECTION GENERALE DU TRESOR,0,2031-11-25,2071000,EUR,88.563,PERC,,TWEM,TWEM,TRADEWEB,1,D2C,MTF,DBFTFB,'3605528425407713029
2022-08-05 13:38:54.076000,FR0014002WK3,Corporate bond,DIRECTION GENERALE DU TRESOR,0,2031-11-25,2697000,EUR,88.738,PERC,,TWEM,TWEM,TRADEWEB,1,D2C,MTF,DBFTFB,'3605528425407712745
2022-08-05 11:10:28.071000,FR0014002WK3,Corporate bond,DIRECTION GENERALE DU TRESOR,0,2031-11-25,2490000,EUR,89.142,PERC,,TWEM,TWEM,TRADEWEB,1,D2C,MTF,DBFTFB,'3605528425407711751
2022-08-05 10:51:10.162000,FR0014002WK3,Corporate bond,DIRECTION GENERALE DU TRESOR,0,2031-11-25,134000,EUR,89.173,PERC,,TWEM,TWEM,TRADEWEB,1,D2C,MTF,DBFTFB,'3605528425407711484
2022-08-04 15:15:33.091000,FR0014002WK3,Corporate bond,DIRECTION GENERALE DU TRESOR,0,2031-11-25,165000,EUR,89.394,PERC,,TWEM,TWEM,TRADEWEB,1,D2C,MTF,DBFTFB,'3605527325896087061
2022-08-04 15:15:13.639000,FR0014002WK3,Corporate bond,DIRECTION GENERALE DU TRESOR,0,2031-11-25,12000,EUR,89.375,PERC,,TWEM,TWEM,TRADEWEB,1,D2C,MTF,DBFTFB,'3605527325896087009
2022-08-04 15:13:20.707000,FR0014002WK3,Corporate bond,DIRECTION GENERALE DU TRESOR,0,2031-11-25,44000,EUR,89.383,PERC,,TWEM,TWEM,TRADEWEB,1,D2C,MTF,DBFTFB,'3605527325896086628
2022-08-04 10:22:51.335000,FR0014002WK3,Corporate bond,DIRECTION GENERALE DU TRESOR,0,2031-11-25,200000,EUR,89.068,PERC,,TWEM,TWEM,TRADEWEB,1,D2C,MTF,DBFTFB,'3605527325896083792
2022-08-04 10:00:09.143000,FR0014002WK3,Corporate bond,DIRECTION GENERALE DU TRESOR,0,2031-11-25,290000,EUR,89.091,PERC,,TWEM,TWEM,TRADEWEB,1,D2C,MTF,DBFTFB,'3605527325896083537
2022-08-04 09:58:06.380000,FR0014002WK3,Corporate bond,DIRECTION GENERALE DU TRESOR,0,2031-11-25,1000,EUR,89.02,PERC,,TWEM,TWEM,TRADEWEB,1,D2C,MTF,DBFTFB,'3605527325896083466
2022-08-04 09:33:29.668000,FR0014002WK3,Corporate bond,DIRECTION GENERALE DU TRESOR,0,2031-11-25,600000,EUR,88.911,PERC,,TWEM,TWEM,TRADEWEB,1,D2C,MTF,DBFTFB,'3605527325896082987
2022-08-04 09:22:28.261000,FR0014002WK3,Corporate bond,DIRECTION GENERALE DU TRESOR,0,2031-11-25,129000,EUR,88.851,PERC,,TWEM,TWEM,TRADEWEB,1,D2C,MTF,DBFTFB,'3605527325896082873
2022-08-04 09:12:12.926000,FR0014002WK3,Corporate bond,DIRECTION GENERALE DU TRESOR,0,2031-11-25,750000,EUR,88.789,PERC,,TWEM,TWEM,TRADEWEB,1,D2C,MTF,DBFTFB,'3605527325896082751
2022-08-04 08:15:41.418000,FR0014002WK3,Corporate bond,DIRECTION GENERALE DU TRESOR,0,2031-11-25,,EUR,88.742,PERC,TPAC VOLO,TWEM,TWEM,TRADEWEB,1,D2C,MTF,DBFTFB,'7208411425838990311
2022-08-04 08:13:35.280000,FR0014002WK3,Corporate bond,DIRECTION GENERALE DU TRESOR,0,2031-11-25,,EUR,88.742,PERC,TPAC VOLO,TWEM,TWEM,TRADEWEB,1,D2C,MTF,DBFTFB,'7208411425838990309
2022-08-04 07:57:51.142000,FR0014002WK3,Corporate bond,DIRECTION GENERALE DU TRESOR,0,2031-11-25,300000,EUR,88.789,PERC,,TWEM,TWEM,TRADEWEB,1,D2C,MTF,DBFTFB,'3605527325896081937
2022-08-03 15:22:18.954000,FR0014002WK3,Corporate bond,DIRECTION GENERALE DU TRESOR,0,2031-11-25,1248000,EUR,88.69,PERC,,TWEM,TWEM,TRADEWEB,1,D2C,MTF,DBFTFB,'3605526226384460013
2022-08-03 15:15:11.400000,FR0014002WK3,Corporate bond,DIRECTION GENERALE DU TRESOR,0,2031-11-25,500000,EUR,88.726,PERC,,TWEM,TWEM,TRADEWEB,1,D2C,MTF,DBFTFB,'3605526226384459881
2022-08-03 15:13:50.491000,FR0014002WK3,Corporate bond,DIRECTION GENERALE DU TRESOR,0,2031-11-25,21000,EUR,88.675,PERC,,TWEM,TWEM,TRADEWEB,1,D2C,MTF,DBFTFB,'3605526226384459675
2022-08-03 14:55:05.572000,FR0014002WK3,Corporate bond,DIRECTION GENERALE DU TRESOR,0,2031-11-25,,EUR,88.612,PERC,TPAC VOLO,TWEM,TWEM,TRADEWEB,1,D2C,MTF,DBFTFB,'7208408127304107129
2022-08-03 13:29:27.554000,FR0014002WK3,Corporate bond,DIRECTION GENERALE DU TRESOR,0,2031-11-25,440000,EUR,88.709,PERC,,TWEM,TWEM,TRADEWEB,1,D2C,MTF,DBFTFB,'3605526226384458127
2022-08-03 12:49:05.244000,FR0014002WK3,Corporate bond,DIRECTION GENERALE DU TRESOR,0,2031-11-25,2000000,EUR,88.631,PERC,,TWEM,TWEM,TRADEWEB,1,D2C,MTF,DBFTFB,'3605526226384457606
2022-08-03 12:46:22.774000,FR0014002WK3,Corporate bond,DIRECTION GENERALE DU TRESOR,0,2031-11-25,538000,EUR,88.567,PERC,,TWEM,TWEM,TRADEWEB,1,D2C,MTF,DBFTFB,'3605526226384457567
2022-08-03 11:18:06.824000,FR0014002WK3,Corporate bond,DIRECTION GENERALE DU TRESOR,0,2031-11-25,,EUR,88.699,PERC,TPAC VOLO,TWEM,TWEM,TRADEWEB,1,D2C,MTF,DBFTFB,'7208408127304106933
2022-08-03 11:05:37.125000,FR0014002WK3,Corporate bond,DIRECTION GENERALE DU TRESOR,0,2031-11-25,24000,EUR,88.6,PERC,,TWEM,TWEM,TRADEWEB,1,D2C,MTF,DBFTFB,'3605526226384456644
2022-08-03 10:25:32.618000,FR0014002WK3,Corporate bond,DIRECTION GENERALE DU TRESOR,0,2031-11-25,100000,EUR,88.448,PERC,,TWEM,TWEM,TRADEWEB,1,D2C,MTF,DBFTFB,'3605526226384456280
2022-08-03 10:07:47.351000,FR0014002WK3,Corporate bond,DIRECTION GENERALE DU TRESOR,0,2031-11-25,,EUR,88.625,PERC,TPAC VOLO,TWEM,TWEM,TRADEWEB,1,D2C,MTF,DBFTFB,'7208408127304106907
2022-08-03 09:36:02.808000,FR0014002WK3,Corporate bond,DIRECTION GENERALE DU TRESOR,0,2031-11-25,,EUR,88.74,PERC,TPAC VOLO,TWEM,TWEM,TRADEWEB,1,D2C,MTF,DBFTFB,'7208408127304106897
2022-08-03 09:18:57.550000,FR0014002WK3,Corporate bond,DIRECTION GENERALE DU TRESOR,0,2031-11-25,,EUR,88.805,PERC,TPAC VOLO,TWEM,TWEM,TRADEWEB,1,D2C,MTF,DBFTFB,'7208408127304106895
2022-08-03 08:24:14.011000,FR0014002WK3,Corporate bond,DIRECTION GENERALE DU TRESOR,0,2031-11-25,500000,EUR,88.731,PERC,,TWEM,TWEM,TRADEWEB,1,D2C,MTF,DBFTFB,'3605526226384454776
2022-08-02 15:52:12.750000,FR0014002WK3,Corporate bond,DIRECTION GENERALE DU TRESOR,0,2031-11-25,600000,EUR,89.165,PERC,,TWEM,TWEM,TRADEWEB,1,D2C,MTF,DBFTFB,'3605525126872832465
2022-08-02 15:13:13.312000,FR0014002WK3,Corporate bond,DIRECTION GENERALE DU TRESOR,0,2031-11-25,346000,EUR,89.198,PERC,,TWEM,TWEM,TRADEWEB,1,D2C,MTF,DBFTFB,'3605525126872831941
2022-08-02 14:17:57.440000,FR0014002WK3,Corporate bond,DIRECTION GENERALE DU TRESOR,0,2031-11-25,1200000,EUR,89.446,PERC,,TWEM,TWEM,TRADEWEB,1,D2C,MTF,DBFTFB,'3605525126872831133
2022-08-02 14:10:45.105000,FR0014002WK3,Corporate bond,DIRECTION GENERALE DU TRESOR,0,2031-11-25,250000,EUR,89.416,PERC,,TWEM,TWEM,TRADEWEB,1,D2C,MTF,DBFTFB,'3605525126872831042
2022-08-02 12:00:03.924000,FR0014002WK3,Corporate bond,DIRECTION GENERALE DU TRESOR,0,2031-11-25,1448000,EUR,89.9,PERC,,TWEM,TWEM,TRADEWEB,1,D2C,MTF,DBFTFB,'3605525126872829517
2022-08-02 11:08:57.352000,FR0014002WK3,Corporate bond,DIRECTION GENERALE DU TRESOR,0,2031-11-25,20000,EUR,89.796,PERC,,TWEM,TWEM,TRADEWEB,1,D2C,MTF,DBFTFB,'3605525126872829201
2022-08-02 10:12:19.205000,FR0014002WK3,Corporate bond,DIRECTION GENERALE DU TRESOR,0,2031-11-25,100000,EUR,89.994,PERC,,TWEM,TWEM,TRADEWEB,1,D2C,MTF,DBFTFB,'3605525126872828818
2022-08-02 09:43:51.705000,FR0014002WK3,Corporate bond,DIRECTION GENERALE DU TRESOR,0,2031-11-25,223000,EUR,89.978,PERC,,TWEM,TWEM,TRADEWEB,1,D2C,MTF,DBFTFB,'3605525126872828244
2022-08-02 08:49:28.905000,FR0014002WK3,Corporate bond,DIRECTION GENERALE DU TRESOR,0,2031-11-25,1300000,EUR,89.991,PERC,,TWEM,TWEM,TRADEWEB,1,D2C,MTF,DBFTFB,'3605525126872827407
2022-08-02 08:24:27.879000,FR0014002WK3,Corporate bond,DIRECTION GENERALE DU TRESOR,0,2031-11-25,2000000,EUR,90.028,PERC,,TWEM,TWEM,TRADEWEB,1,D2C,MTF,DBFTFB,'3605525126872827104
2022-08-02 08:20:36.396000,FR0014002WK3,Corporate bond,DIRECTION GENERALE DU TRESOR,0,2031-11-25,300000,EUR,90.059,PERC,,TWEM,TWEM,TRADEWEB,1,D2C,MTF,DBFTFB,'3605525126872827063
2022-08-02 08:06:25.320000,FR0014002WK3,Corporate bond,DIRECTION GENERALE DU TRESOR,0,2031-11-25,50000,EUR,90.202,PERC,,TWEM,TWEM,TRADEWEB,1,D2C,MTF,DBFTFB,'3605525126872826882
2022-08-02 07:44:30.928000,FR0014002WK3,Corporate bond,DIRECTION GENERALE DU TRESOR,0,2031-11-25,1240,EUR,90.327,PERC,,TWEM,TWEM,TRADEWEB,1,D2C,MTF,DBFTFB,'3605525126872826575
2022-08-02 05:03:32.000000,FR0014002WK3,Corporate bond,DIRECTION GENERALE DU TRESOR,0,2031-11-25,60500000,EUR,88.927421,PERC,IDAF,TWEM,TWEM,TRADEWEB,4,D2C,MTF,DBFTFB,'7208404828769223312
2022-08-01 15:24:14.611000,FR0014002WK3,Corporate bond,DIRECTION GENERALE DU TRESOR,0,2031-11-25,1810000,EUR,89.571,PERC,,TWEM,TWEM,TRADEWEB,1,D2C,MTF,DBFTFB,'3605524027361203223
2022-08-01 15:15:15.908000,FR0014002WK3,Corporate bond,DIRECTION GENERALE DU TRESOR,0,2031-11-25,11000,EUR,89.617,PERC,,TWEM,TWEM,TRADEWEB,1,D2C,MTF,DBFTFB,'3605524027361203019
2022-08-01 15:13:11.483000,FR0014002WK3,Corporate bond,DIRECTION GENERALE DU TRESOR,0,2031-11-25,151000,EUR,89.515,PERC,,TWEM,TWEM,TRADEWEB,1,D2C,MTF,DBFTFB,'3605524027361202803
2022-08-01 13:19:01.636000,FR0014002WK3,Corporate bond,DIRECTION GENERALE DU TRESOR,0,2031-11-25,200000,EUR,89.412,PERC,,TWEM,TWEM,TRADEWEB,1,D2C,MTF,DBFTFB,'3605524027361201651
2022-08-01 09:59:28.937000,FR0014002WK3,Corporate bond,DIRECTION GENERALE DU TRESOR,0,2031-11-25,14000,EUR,89.088,PERC,,TWEM,TWEM,TRADEWEB,1,D2C,MTF,DBFTFB,'3605524027361199862
2022-08-01 09:50:34.718000,FR0014002WK3,Corporate bond,DIRECTION GENERALE DU TRESOR,0,2031-11-25,100000,EUR,88.972,PERC,,TWEM,TWEM,TRADEWEB,1,D2C,MTF,DBFTFB,'3605524027361199753
2022-08-01 09:12:37.670000,FR0014002WK3,Corporate bond,DIRECTION GENERALE DU TRESOR,0,2031-11-25,509000,EUR,88.913,PERC,,TWEM,TWEM,TRADEWEB,1,D2C,MTF,DBFTFB,'3605524027361199426
2022-08-01 09:03:27.045000,FR0014002WK3,Corporate bond,DIRECTION GENERALE DU TRESOR,0,2031-11-25,500000,EUR,88.849,PERC,,TWEM,TWEM,TRADEWEB,1,D2C,MTF,DBFTFB,'3605524027361199354
2022-07-29 15:41:15.387000,FR0014002WK3,Corporate bond,DIRECTION GENERALE DU TRESOR,0,2031-11-25,43000,EUR,89.14,PERC,,TWEM,TWEM,TRADEWEB,1,D2C,MTF,DBFTFB,'3605520728826324234
2022-07-29 15:24:56.925000,FR0014002WK3,Corporate bond,DIRECTION GENERALE DU TRESOR,0,2031-11-25,1000000,EUR,89.224,PERC,,TWEM,TWEM,TRADEWEB,1,D2C,MTF,DBFTFB,'3605520728826324030
2022-07-29 15:18:04.024000,FR0014002WK3,Corporate bond,DIRECTION GENERALE DU TRESOR,0,2031-11-25,255000,EUR,89.236,PERC,,TWEM,TWEM,TRADEWEB,1,D2C,MTF,DBFTFB,'3605520728826323607
2022-07-29 15:16:25.609000,FR0014002WK3,Corporate bond,DIRECTION GENERALE DU TRESOR,0,2031-11-25,18000,EUR,89.228,PERC,,TWEM,TWEM,TRADEWEB,1,D2C,MTF,DBFTFB,'3605520728826323062
2022-07-29 15:15:41.956000,FR0014002WK3,Corporate bond,DIRECTION GENERALE DU TRESOR,0,2031-11-25,50000,EUR,89.233,PERC,,TWEM,TWEM,TRADEWEB,1,D2C,MTF,DBFTFB,'3605520728826322425
2022-07-29 15:15:23.444000,FR0014002WK3,Corporate bond,DIRECTION GENERALE DU TRESOR,0,2031-11-25,977000,EUR,89.246,PERC,,TWEM,TWEM,TRADEWEB,1,D2C,MTF,DBFTFB,'3605520728826322094
2022-07-29 15:15:13.111000,FR0014002WK3,Corporate bond,DIRECTION GENERALE DU TRESOR,0,2031-11-25,2000,EUR,89.274,PERC,,TWEM,TWEM,TRADEWEB,1,D2C,MTF,DBFTFB,'3605520728826321952
2022-07-29 15:14:57.810000,FR0014002WK3,Corporate bond,DIRECTION GENERALE DU TRESOR,0,2031-11-25,80000,EUR,89.237,PERC,,TWEM,TWEM,TRADEWEB,1,D2C,MTF,DBFTFB,'3605520728826321699
2022-07-29 15:14:50.548000,FR0014002WK3,Corporate bond,DIRECTION GENERALE DU TRESOR,0,2031-11-25,181000,EUR,89.261,PERC,,TWEM,TWEM,TRADEWEB,1,D2C,MTF,DBFTFB,'3605520728826321626
2022-07-29 15:14:20.527000,FR0014002WK3,Corporate bond,DIRECTION GENERALE DU TRESOR,0,2031-11-25,180000,EUR,89.212,PERC,,TWEM,TWEM,TRADEWEB,1,D2C,MTF,DBFTFB,'3605520728826321411
2022-07-29 15:14:01.573000,FR0014002WK3,Corporate bond,DIRECTION GENERALE DU TRESOR,0,2031-11-25,175000,EUR,89.215,PERC,,TWEM,TWEM,TRADEWEB,1,D2C,MTF,DBFTFB,'3605520728826321277
2022-07-29 15:13:48.562000,FR0014002WK3,Corporate bond,DIRECTION GENERALE DU TRESOR,0,2031-11-25,183000,EUR,89.205,PERC,,TWEM,TWEM,TRADEWEB,1,D2C,MTF,DBFTFB,'3605520728826321202
2022-07-29 15:11:14.916000,FR0014002WK3,Corporate bond,DIRECTION GENERALE DU TRESOR,0,2031-11-25,2452000,EUR,89.141,PERC,,TWEM,TWEM,TRADEWEB,1,D2C,MTF,DBFTFB,'3605520728826320819
2022-07-29 14:14:09.850000,FR0014002WK3,Corporate bond,DIRECTION GENERALE DU TRESOR,0,2031-11-25,1340000,EUR,88.901,PERC,,TWEM,TWEM,TRADEWEB,1,D2C,MTF,DBFTFB,'3605520728826319943
2022-07-29 13:55:55.284000,FR0014002WK3,Corporate bond,DIRECTION GENERALE DU TRESOR,0,2031-11-25,960000,EUR,88.802,PERC,,TWEM,TWEM,TRADEWEB,1,D2C,MTF,DBFTFB,'3605520728826319602
2022-07-29 13:00:32.399000,FR0014002WK3,Corporate bond,DIRECTION GENERALE DU TRESOR,0,2031-11-25,1100000,EUR,88.615,PERC,,TWEM,TWEM,TRADEWEB,1,D2C,MTF,DBFTFB,'3605520728826318916
2022-07-29 12:29:52.847000,FR0014002WK3,Corporate bond,DIRECTION GENERALE DU TRESOR,0,2031-11-25,,EUR,88.509,PERC,TPAC VOLO,TWEM,TWEM,TRADEWEB,1,D2C,MTF,DBFTFB,'7208404828769230488
2022-07-29 12:03:45.792000,FR0014002WK3,Corporate bond,DIRECTION GENERALE DU TRESOR,0,2031-11-25,,EUR,88.57,PERC,TPAC VOLO,TWEM,TWEM,TRADEWEB,1,D2C,MTF,DBFTFB,'7208404828769230431
2022-07-29 11:51:14.781000,FR0014002WK3,Corporate bond,DIRECTION GENERALE DU TRESOR,0,2031-11-25,,EUR,88.598,PERC,TPAC VOLO,TWEM,TWEM,TRADEWEB,1,D2C,MTF,DBFTFB,'7208404828769230429
2022-07-29 11:05:55.773000,FR0014002WK3,Corporate bond,DIRECTION GENERALE DU TRESOR,0,2031-11-25,,EUR,88.65,PERC,TPAC VOLO,TWEM,TWEM,TRADEWEB,1,D2C,MTF,DBFTFB,'7208404828769230344
2022-07-29 11:04:10.745000,FR0014002WK3,Corporate bond,DIRECTION GENERALE DU TRESOR,0,2031-11-25,,EUR,88.635,PERC,TPAC VOLO,TWEM,TWEM,TRADEWEB,1,D2C,MTF,DBFTFB,'7208404828769230342
2022-07-29 10:53:47.398000,FR0014002WK3,Corporate bond,DIRECTION GENERALE DU TRESOR,0,2031-11-25,18000,EUR,88.529,PERC,,TWEM,TWEM,TRADEWEB,1,D2C,MTF,DBFTFB,'3605520728826317536
2022-07-29 10:45:10.172000,FR0014002WK3,Corporate bond,DIRECTION GENERALE DU TRESOR,0,2031-11-25,1000,EUR,88.589,PERC,,TWEM,TWEM,TRADEWEB,1,D2C,MTF,DBFTFB,'3605520728826317278
2022-07-29 10:28:06.644000,FR0014002WK3,Corporate bond,DIRECTION GENERALE DU TRESOR,0,2031-11-25,,EUR,88.534,PERC,TPAC VOLO,TWEM,TWEM,TRADEWEB,1,D2C,MTF,DBFTFB,'7208404828769230340
2022-07-29 10:20:42.576000,FR0014002WK3,Corporate bond,DIRECTION GENERALE DU TRESOR,0,2031-11-25,2283000,EUR,88.52,PERC,TPAC,TWEM,TWEM,TRADEWEB,1,D2C,MTF,DBFTFB,'3605520728826316979
2022-07-29 10:07:00.522000,FR0014002WK3,Corporate bond,DIRECTION GENERALE DU TRESOR,0,2031-11-25,192,EUR,88.405,PERC,,TWEM,TWEM,TRADEWEB,1,D2C,MTF,DBFTFB,'3605520728826316883
2022-07-29 09:23:40.868000,FR0014002WK3,Corporate bond,DIRECTION GENERALE DU TRESOR,0,2031-11-25,1400000,EUR,88.475,PERC,,TWEM,TWEM,TRADEWEB,1,D2C,MTF,DBFTFB,'3605520728826316446
2022-07-29 09:14:18.419000,FR0014002WK3,Corporate bond,DIRECTION GENERALE DU TRESOR,0,2031-11-25,245000,EUR,88.501,PERC,,TWEM,TWEM,TRADEWEB,1,D2C,MTF,DBFTFB,'3605520728826316327
2022-07-28 15:20:28.745000,FR0014002WK3,Corporate bond,DIRECTION GENERALE DU TRESOR,0,2031-11-25,484000,EUR,89.231,PERC,,TWEM,TWEM,TRADEWEB,1,D2C,MTF,DBFTFB,'3605519629314691964
2022-07-28 13:54:15.681000,FR0014002WK3,Corporate bond,DIRECTION GENERALE DU TRESOR,0,2031-11-25,,EUR,88.998,PERC,TPAC VOLO,TWEM,TWEM,TRADEWEB,1,D2C,MTF,DBFTFB,'7208403729257597398
2022-07-28 13:47:21.042000,FR0014002WK3,Corporate bond,DIRECTION GENERALE DU TRESOR,0,2031-11-25,200000,EUR,89.025,PERC,,TWEM,TWEM,TRADEWEB,1,D2C,MTF,DBFTFB,'3605519629314690721
2022-07-28 12:47:13.394000,FR0014002WK3,Corporate bond,DIRECTION GENERALE DU TRESOR,0,2031-11-25,136000,EUR,88.595,PERC,,TWEM,TWEM,TRADEWEB,1,D2C,MTF,DBFTFB,'3605519629314690027
2022-07-28 10:21:24.023000,FR0014002WK3,Corporate bond,DIRECTION GENERALE DU TRESOR,0,2031-11-25,300000,EUR,87.932,PERC,,TWEM,TWEM,TRADEWEB,1,D2C,MTF,DBFTFB,'3605519629314689063
2022-07-28 10:17:18.738000,FR0014002WK3,Corporate bond,DIRECTION GENERALE DU TRESOR,0,2031-11-25,13000,EUR,87.884,PERC,,TWEM,TWEM,TRADEWEB,1,D2C,MTF,DBFTFB,'3605519629314688980
2022-07-28 08:50:32.338000,FR0014002WK3,Corporate bond,DIRECTION GENERALE DU TRESOR,0,2031-11-25,601000,EUR,87.613,PERC,,TWEM,TWEM,TRADEWEB,1,D2C,MTF,DBFTFB,'3605519629314687926
2022-07-27 15:34:28.376000,FR0014002WK3,Corporate bond,DIRECTION GENERALE DU TRESOR,0,2031-11-25,454000,EUR,88.04,PERC,,TWEM,TWEM,TRADEWEB,1,D2C,MTF,DBFTFB,'3605518529803065014
2022-07-27 15:14:37.335000,FR0014002WK3,Corporate bond,DIRECTION GENERALE DU TRESOR,0,2031-11-25,151000,EUR,88.129,PERC,,TWEM,TWEM,TRADEWEB,1,D2C,MTF,DBFTFB,'3605518529803064681
2022-07-27 15:14:09.327000,FR0014002WK3,Corporate bond,DIRECTION GENERALE DU TRESOR,0,2031-11-25,1242000,EUR,88.12,PERC,,TWEM,TWEM,TRADEWEB,1,D2C,MTF,DBFTFB,'3605518529803064560
2022-07-27 14:54:27.235000,FR0014002WK3,Corporate bond,DIRECTION GENERALE DU TRESOR,0,2031-11-25,319000,EUR,88.016,PERC,,TWEM,TWEM,TRADEWEB,1,D2C,MTF,DBFTFB,'3605518529803064137
2022-07-27 14:38:50.054000,FR0014002WK3,Corporate bond,DIRECTION GENERALE DU TRESOR,0,2031-11-25,902000,EUR,88.044,PERC,,TWEM,TWEM,TRADEWEB,1,D2C,MTF,DBFTFB,'3605518529803063998
2022-07-27 14:33:02.581000,FR0014002WK3,Corporate bond,DIRECTION GENERALE DU TRESOR,0,2031-11-25,1177000,EUR,88.061,PERC,,TWEM,TWEM,TRADEWEB,1,D2C,MTF,DBFTFB,'3605518529803063948
2022-07-27 10:28:08.101000,FR0014002WK3,Corporate bond,DIRECTION GENERALE DU TRESOR,0,2031-11-25,25000,EUR,87.876,PERC,,TWEM,TWEM,TRADEWEB,1,D2C,MTF,DBFTFB,'3605518529803061676
2022-07-27 10:12:11.821000,FR0014002WK3,Corporate bond,DIRECTION GENERALE DU TRESOR,0,2031-11-25,666000,EUR,87.939,PERC,,TWEM,TWEM,TRADEWEB,1,D2C,MTF,DBFTFB,'3605518529803061454
2022-07-27 09:54:44.998000,FR0014002WK3,Corporate bond,DIRECTION GENERALE DU TRESOR,0,2031-11-25,20000,EUR,87.786,PERC,,TWEM,TWEM,TRADEWEB,1,D2C,MTF,DBFTFB,'3605518529803061225
2022-07-26 15:31:33.615000,FR0014002WK3,Corporate bond,DIRECTION GENERALE DU TRESOR,0,2031-11-25,65000,EUR,88.063,PERC,,TWEM,TWEM,TRADEWEB,1,D2C,MTF,DBFTFB,'3605517430291436861
2022-07-26 15:15:05.782000,FR0014002WK3,Corporate bond,DIRECTION GENERALE DU TRESOR,0,2031-11-25,63000,EUR,88.085,PERC,,TWEM,TWEM,TRADEWEB,1,D2C,MTF,DBFTFB,'3605517430291436557
2022-07-26 15:13:13.911000,FR0014002WK3,Corporate bond,DIRECTION GENERALE DU TRESOR,0,2031-11-25,60000,EUR,88.024,PERC,,TWEM,TWEM,TRADEWEB,1,D2C,MTF,DBFTFB,'3605517430291436386
2022-07-26 12:21:51.165000,FR0014002WK3,Corporate bond,DIRECTION GENERALE DU TRESOR,0,2031-11-25,1000000,EUR,88.211,PERC,,TWEM,TWEM,TRADEWEB,1,D2C,MTF,DBFTFB,'3605517430291434525
2022-07-26 11:08:53.305000,FR0014002WK3,Corporate bond,DIRECTION GENERALE DU TRESOR,0,2031-11-25,23000,EUR,87.975,PERC,,TWEM,TWEM,TRADEWEB,1,D2C,MTF,DBFTFB,'3605517430291433855
2022-07-26 09:00:03.063000,FR0014002WK3,Corporate bond,DIRECTION GENERALE DU TRESOR,0,2031-11-25,1507000,EUR,87.663,PERC,,TWEM,TWEM,TRADEWEB,1,D2C,MTF,DBFTFB,'3605517430291432846
2022-07-26 05:03:14.000000,FR0014002WK3,Corporate bond,DIRECTION GENERALE DU TRESOR,0,2031-11-25,17000000,EUR,86.343471,PERC,IDAF,TWEM,TWEM,TRADEWEB,4,D2C,MTF,DBFTFB,'7208397132187828767
2022-07-25 15:40:30.782000,FR0014002WK3,Corporate bond,DIRECTION GENERALE DU TRESOR,0,2031-11-25,2000000,EUR,87.281,PERC,,TWEM,TWEM,TRADEWEB,1,D2C,MTF,DBFTFB,'3605516330779808511
2022-07-25 15:25:11.911000,FR0014002WK3,Corporate bond,DIRECTION GENERALE DU TRESOR,0,2031-11-25,384000,EUR,87.31,PERC,,TWEM,TWEM,TRADEWEB,1,D2C,MTF,DBFTFB,'3605516330779808398
2022-07-25 15:11:26.826000,FR0014002WK3,Corporate bond,DIRECTION GENERALE DU TRESOR,0,2031-11-25,200000,EUR,87.228,PERC,,TWEM,TWEM,TRADEWEB,1,D2C,MTF,DBFTFB,'3605516330779807950
2022-07-25 10:49:14.187000,FR0014002WK3,Corporate bond,DIRECTION GENERALE DU TRESOR,0,2031-11-25,1000,EUR,87.11,PERC,,TWEM,TWEM,TRADEWEB,1,D2C,MTF,DBFTFB,'3605516330779805682
2022-07-22 15:27:42.735000,FR0014002WK3,Corporate bond,DIRECTION GENERALE DU TRESOR,0,2031-11-25,312000,EUR,87.311,PERC,,TWEM,TWEM,TRADEWEB,1,D2C,MTF,DBFTFB,'3605513032244926130
2022-07-22 15:15:15.479000,FR0014002WK3,Corporate bond,DIRECTION GENERALE DU TRESOR,0,2031-11-25,10000,EUR,87.238,PERC,,TWEM,TWEM,TRADEWEB,1,D2C,MTF,DBFTFB,'3605513032244925936
2022-07-22 15:15:06.750000,FR0014002WK3,Corporate bond,DIRECTION GENERALE DU TRESOR,0,2031-11-25,22000,EUR,87.238,PERC,,TWEM,TWEM,TRADEWEB,1,D2C,MTF,DBFTFB,'3605513032244925850
2022-07-22 15:15:01.327000,FR0014002WK3,Corporate bond,DIRECTION GENERALE DU TRESOR,0,2031-11-25,2380000,EUR,87.25,PERC,,TWEM,TWEM,TRADEWEB,1,D2C,MTF,DBFTFB,'3605513032244925803
2022-07-22 15:12:30.399000,FR0014002WK3,Corporate bond,DIRECTION GENERALE DU TRESOR,0,2031-11-25,106000,EUR,87.302,PERC,,TWEM,TWEM,TRADEWEB,1,D2C,MTF,DBFTFB,'3605513032244925496
2022-07-22 13:45:06.122000,FR0014002WK3,Corporate bond,DIRECTION GENERALE DU TRESOR,0,2031-11-25,200000,EUR,87.385,PERC,,TWEM,TWEM,TRADEWEB,1,D2C,MTF,DBFTFB,'3605513032244924506
2022-07-22 11:39:00.652000,FR0014002WK3,Corporate bond,DIRECTION GENERALE DU TRESOR,0,2031-11-25,5000,EUR,87.273,PERC,,TWEM,TWEM,TRADEWEB,1,D2C,MTF,DBFTFB,'3605513032244923286
2022-07-22 09:29:39.226000,FR0014002WK3,Corporate bond,DIRECTION GENERALE DU TRESOR,0,2031-11-25,27682,EUR,87.092,PERC,,TWEM,TWEM,TRADEWEB,1,D2C,MTF,DBFTFB,'3605513032244922218
2022-07-22 08:48:26.392000,FR0014002WK3,Corporate bond,DIRECTION GENERALE DU TRESOR,0,2031-11-25,519000,EUR,87.001,PERC,,TWEM,TWEM,TRADEWEB,1,D2C,MTF,DBFTFB,'3605513032244921501
2022-07-21 15:16:43.665000,FR0014002WK3,Corporate bond,DIRECTION GENERALE DU TRESOR,0,2031-11-25,443000,EUR,85.812,PERC,,TWEM,TWEM,TRADEWEB,1,D2C,MTF,DBFTFB,'3605511932733298881
2022-07-21 15:14:41.931000,FR0014002WK3,Corporate bond,DIRECTION GENERALE DU TRESOR,0,2031-11-25,1157000,EUR,85.897,PERC,,TWEM,TWEM,TRADEWEB,1,D2C,MTF,DBFTFB,'3605511932733298445
2022-07-21 14:12:26.788000,FR0014002WK3,Corporate bond,DIRECTION GENERALE DU TRESOR,0,2031-11-25,496000,EUR,85.702,PERC,,TWEM,TWEM,TRADEWEB,1,D2C,MTF,DBFTFB,'3605511932733297539
2022-07-21 10:52:13.423000,FR0014002WK3,Corporate bond,DIRECTION GENERALE DU TRESOR,0,2031-11-25,36254,EUR,85.463,PERC,,TWEM,TWEM,TRADEWEB,1,D2C,MTF,DBFTFB,'3605511932733295402
2022-07-21 09:45:04.278000,FR0014002WK3,Corporate bond,DIRECTION GENERALE DU TRESOR,0,2031-11-25,,EUR,85.242,PERC,TPAC VOLO,TWEM,TWEM,TRADEWEB,1,D2C,MTF,DBFTFB,'7208396032676201590
2022-07-20 15:13:30.126000,FR0014002WK3,Corporate bond,DIRECTION GENERALE DU TRESOR,0,2031-11-25,30000,EUR,85.545,PERC,,TWEM,TWEM,TRADEWEB,1,D2C,MTF,DBFTFB,'3605510833221669823
2022-07-20 15:13:29.283000,FR0014002WK3,Corporate bond,DIRECTION GENERALE DU TRESOR,0,2031-11-25,555000,EUR,85.53,PERC,,TWEM,TWEM,TRADEWEB,1,D2C,MTF,DBFTFB,'3605510833221669827
2022-07-20 14:26:53.510000,FR0014002WK3,Corporate bond,DIRECTION GENERALE DU TRESOR,0,2031-11-25,,EUR,85.61,PERC,TPAC VOLO,TWEM,TWEM,TRADEWEB,1,D2C,MTF,DBFTFB,'7208392734141318472
2022-07-20 13:25:02.564000,FR0014002WK3,Corporate bond,DIRECTION GENERALE DU TRESOR,0,2031-11-25,1267000,EUR,85.726,PERC,,TWEM,TWEM,TRADEWEB,1,D2C,MTF,DBFTFB,'3605510833221668749
2022-07-20 11:01:58.968000,FR0014002WK3,Corporate bond,DIRECTION GENERALE DU TRESOR,0,2031-11-25,11000,EUR,85.99,PERC,,TWEM,TWEM,TRADEWEB,1,D2C,MTF,DBFTFB,'3605510833221667509
2022-07-20 08:26:26.114000,FR0014002WK3,Corporate bond,DIRECTION GENERALE DU TRESOR,0,2031-11-25,,EUR,85.892,PERC,TPAC VOLO,TWEM,TWEM,TRADEWEB,1,D2C,MTF,DBFTFB,'7208392734141317976
2022-07-19 15:15:41.327000,FR0014002WK3,Corporate bond,DIRECTION GENERALE DU TRESOR,0,2031-11-25,885000,EUR,85.513,PERC,,TWEM,TWEM,TRADEWEB,1,D2C,MTF,DBFTFB,'3605509733710042488
2022-07-19 15:15:39.536000,FR0014002WK3,Corporate bond,DIRECTION GENERALE DU TRESOR,0,2031-11-25,8000,EUR,85.505,PERC,,TWEM,TWEM,TRADEWEB,1,D2C,MTF,DBFTFB,'3605509733710042475
2022-07-19 15:14:10.068000,FR0014002WK3,Corporate bond,DIRECTION GENERALE DU TRESOR,0,2031-11-25,227000,EUR,85.473,PERC,,TWEM,TWEM,TRADEWEB,1,D2C,MTF,DBFTFB,'3605509733710042166
2022-07-19 12:49:58.930000,FR0014002WK3,Corporate bond,DIRECTION GENERALE DU TRESOR,0,2031-11-25,,EUR,85.57,PERC,TPAC VOLO,TWEM,TWEM,TRADEWEB,1,D2C,MTF,DBFTFB,'7208391634629690648
2022-07-19 10:45:00.426000,FR0014002WK3,Corporate bond,DIRECTION GENERALE DU TRESOR,0,2031-11-25,17000,EUR,85.528,PERC,,TWEM,TWEM,TRADEWEB,1,D2C,MTF,DBFTFB,'3605509733710039130
2022-07-19 05:03:40.000000,FR0014002WK3,Corporate bond,DIRECTION GENERALE DU TRESOR,0,2031-11-25,33000000,EUR,86.069394,PERC,IDAF,TWEM,TWEM,TRADEWEB,6,D2C,MTF,DBFTFB,'7208389435606434315
2022-07-18 15:38:10.174000,FR0014002WK3,Corporate bond,DIRECTION GENERALE DU TRESOR,0,2031-11-25,548000,EUR,85.719,PERC,,TWEM,TWEM,TRADEWEB,1,D2C,MTF,DBFTFB,'3605508634198414379
2022-07-18 10:56:03.118000,FR0014002WK3,Corporate bond,DIRECTION GENERALE DU TRESOR,0,2031-11-25,44000,EUR,85.579,PERC,,TWEM,TWEM,TRADEWEB,1,D2C,MTF,DBFTFB,'3605508634198411467
2022-07-18 10:51:44.563000,FR0014002WK3,Corporate bond,DIRECTION GENERALE DU TRESOR,0,2031-11-25,11000,EUR,85.64,PERC,,TWEM,TWEM,TRADEWEB,1,D2C,MTF,DBFTFB,'3605508634198411424
2022-07-15 14:42:56.537000,FR0014002WK3,Corporate bond,DIRECTION GENERALE DU TRESOR,0,2031-11-25,660000,EUR,86.396,PERC,,TWEM,TWEM,TRADEWEB,1,D2C,MTF,DBFTFB,'3605505335663529835
2022-07-15 10:23:40.764000,FR0014002WK3,Corporate bond,DIRECTION GENERALE DU TRESOR,0,2031-11-25,100000,EUR,86.212,PERC,,TWEM,TWEM,TRADEWEB,1,D2C,MTF,DBFTFB,'3605505335663528004
2022-07-15 10:05:51.582000,FR0014002WK3,Corporate bond,DIRECTION GENERALE DU TRESOR,0,2031-11-25,11000,EUR,86.194,PERC,,TWEM,TWEM,TRADEWEB,1,D2C,MTF,DBFTFB,'3605505335663527677
2022-07-15 08:00:04.979000,FR0014002WK3,Corporate bond,DIRECTION GENERALE DU TRESOR,0,2031-11-25,2131000,EUR,86.346,PERC,,TWEM,TWEM,TRADEWEB,1,D2C,MTF,DBFTFB,'3605505335663526506
2022-07-14 15:55:05.596000,FR0014002WK3,Corporate bond,DIRECTION GENERALE DU TRESOR,0,2031-11-25,80000,EUR,85.951,PERC,,TWEM,TWEM,TRADEWEB,1,D2C,MTF,DBFTFB,'3605504236151904100
2022-07-14 15:15:19.579000,FR0014002WK3,Corporate bond,DIRECTION GENERALE DU TRESOR,0,2031-11-25,3000,EUR,85.816,PERC,,TWEM,TWEM,TRADEWEB,1,D2C,MTF,DBFTFB,'3605504236151903816
2022-07-14 15:13:50.658000,FR0014002WK3,Corporate bond,DIRECTION GENERALE DU TRESOR,0,2031-11-25,500000,EUR,85.819,PERC,,TWEM,TWEM,TRADEWEB,1,D2C,MTF,DBFTFB,'3605504236151903594
2022-07-14 15:13:30.046000,FR0014002WK3,Corporate bond,DIRECTION GENERALE DU TRESOR,0,2031-11-25,561000,EUR,85.803,PERC,,TWEM,TWEM,TRADEWEB,1,D2C,MTF,DBFTFB,'3605504236151903557
2022-07-14 15:02:28.398000,FR0014002WK3,Corporate bond,DIRECTION GENERALE DU TRESOR,0,2031-11-25,26012,EUR,85.615,PERC,,TWEM,TWEM,TRADEWEB,1,D2C,MTF,DBFTFB,'3605504236151903367
2022-07-14 12:47:39.824000,FR0014002WK3,Corporate bond,DIRECTION GENERALE DU TRESOR,0,2031-11-25,882000,EUR,85.661,PERC,,TWEM,TWEM,TRADEWEB,1,D2C,MTF,DBFTFB,'3605504236151901770
2022-07-14 11:23:43.049000,FR0014002WK3,Corporate bond,DIRECTION GENERALE DU TRESOR,0,2031-11-25,1000,EUR,85.62,PERC,,TWEM,TWEM,TRADEWEB,1,D2C,MTF,DBFTFB,'3605504236151900987
2022-07-14 09:07:26.198000,FR0014002WK3,Corporate bond,DIRECTION GENERALE DU TRESOR,0,2031-11-25,2091000,EUR,85.422,PERC,,TWEM,TWEM,TRADEWEB,1,D2C,MTF,DBFTFB,'3605504236151899676
2022-07-13 15:15:06.472000,FR0014002WK3,Corporate bond,DIRECTION GENERALE DU TRESOR,0,2031-11-25,4000,EUR,86.222,PERC,,TWEM,TWEM,TRADEWEB,1,D2C,MTF,DBFTFB,'3605503136640275510
2022-07-13 15:13:06.815000,FR0014002WK3,Corporate bond,DIRECTION GENERALE DU TRESOR,0,2031-11-25,119000,EUR,86.18,PERC,,TWEM,TWEM,TRADEWEB,1,D2C,MTF,DBFTFB,'3605503136640275323
2022-07-13 14:49:52.707000,FR0014002WK3,Corporate bond,DIRECTION GENERALE DU TRESOR,0,2031-11-25,760000,EUR,86.397,PERC,,TWEM,TWEM,TRADEWEB,1,D2C,MTF,DBFTFB,'3605503136640275059
2022-07-13 14:02:27.948000,FR0014002WK3,Corporate bond,DIRECTION GENERALE DU TRESOR,0,2031-11-25,1460000,EUR,85.833,PERC,,TWEM,TWEM,TRADEWEB,1,D2C,MTF,DBFTFB,'3605503136640274474
2022-07-13 12:51:20.099000,FR0014002WK3,Corporate bond,DIRECTION GENERALE DU TRESOR,0,2031-11-25,103000,EUR,85.907,PERC,,TWEM,TWEM,TRADEWEB,1,D2C,MTF,DBFTFB,'3605503136640273476
2022-07-13 11:49:51.767000,FR0014002WK3,Corporate bond,DIRECTION GENERALE DU TRESOR,0,2031-11-25,2620000,EUR,86.259,PERC,,TWEM,TWEM,TRADEWEB,1,D2C,MTF,DBFTFB,'3605503136640273006
2022-07-13 11:09:51.640000,FR0014002WK3,Corporate bond,DIRECTION GENERALE DU TRESOR,0,2031-11-25,6000,EUR,86.269,PERC,,TWEM,TWEM,TRADEWEB,1,D2C,MTF,DBFTFB,'3605503136640272643
2022-07-13 09:38:49.758000,FR0014002WK3,Corporate bond,DIRECTION GENERALE DU TRESOR,0,2031-11-25,105000,EUR,86.22,PERC,,TWEM,TWEM,TRADEWEB,1,D2C,MTF,DBFTFB,'3605503136640272066
2022-07-13 08:24:07.213000,FR0014002WK3,Corporate bond,DIRECTION GENERALE DU TRESOR,0,2031-11-25,1500000,EUR,86.172,PERC,,TWEM,TWEM,TRADEWEB,1,D2C,MTF,DBFTFB,'3605503136640270998
2022-07-12 15:15:03.308000,FR0014002WK3,Corporate bond,DIRECTION GENERALE DU TRESOR,0,2031-11-25,75000,EUR,86.521,PERC,,TWEM,TWEM,TRADEWEB,1,D2C,MTF,DBFTFB,'3605502037128647683
2022-07-12 15:13:10.840000,FR0014002WK3,Corporate bond,DIRECTION GENERALE DU TRESOR,0,2031-11-25,295000,EUR,86.549,PERC,,TWEM,TWEM,TRADEWEB,1,D2C,MTF,DBFTFB,'3605502037128647496
2022-07-12 12:57:09.355000,FR0014002WK3,Corporate bond,DIRECTION GENERALE DU TRESOR,0,2031-11-25,130000,EUR,86.289,PERC,,TWEM,TWEM,TRADEWEB,1,D2C,MTF,DBFTFB,'3605502037128646121
2022-07-12 11:46:00.231000,FR0014002WK3,Corporate bond,DIRECTION GENERALE DU TRESOR,0,2031-11-25,65000,EUR,86.263,PERC,,TWEM,TWEM,TRADEWEB,1,D2C,MTF,DBFTFB,'3605502037128645639
2022-07-12 08:00:04.599000,FR0014002WK3,Corporate bond,DIRECTION GENERALE DU TRESOR,0,2031-11-25,1489000,EUR,85.843,PERC,,TWEM,TWEM,TRADEWEB,1,D2C,MTF,DBFTFB,'3605502037128643029
2022-07-12 07:07:29.152000,FR0014002WK3,Corporate bond,DIRECTION GENERALE DU TRESOR,0,2031-11-25,700000,EUR,85.764,PERC,,TWEM,TWEM,TRADEWEB,1,D2C,MTF,DBFTFB,'3605502037128642641
2022-07-12 05:03:20.000000,FR0014002WK3,Corporate bond,DIRECTION GENERALE DU TRESOR,0,2031-11-25,19826866,EUR,84.940754,PERC,IDAF,TWEM,TWEM,TRADEWEB,4,D2C,MTF,DBFTFB,'7208381739025040008
2022-07-11 15:04:49.077000,FR0014002WK3,Corporate bond,DIRECTION GENERALE DU TRESOR,0,2031-11-25,19247,EUR,85.551,PERC,,TWEM,TWEM,TRADEWEB,1,D2C,MTF,DBFTFB,'3605500937617019440
2022-07-11 14:29:15.755000,FR0014002WK3,Corporate bond,DIRECTION GENERALE DU TRESOR,0,2031-11-25,220000,EUR,85.582,PERC,,TWEM,TWEM,TRADEWEB,1,D2C,MTF,DBFTFB,'3605500937617019028
2022-07-11 13:30:48.947000,FR0014002WK3,Corporate bond,DIRECTION GENERALE DU TRESOR,0,2031-11-25,124000,EUR,85.38,PERC,,TWEM,TWEM,TRADEWEB,1,D2C,MTF,DBFTFB,'3605500937617018434
2022-07-11 10:51:42.289000,FR0014002WK3,Corporate bond,DIRECTION GENERALE DU TRESOR,0,2031-11-25,21000,EUR,85.103,PERC,,TWEM,TWEM,TRADEWEB,1,D2C,MTF,DBFTFB,'3605500937617017109
2022-07-11 10:21:49.392000,FR0014002WK3,Corporate bond,DIRECTION GENERALE DU TRESOR,0,2031-11-25,400000,EUR,85.03,PERC,,TWEM,TWEM,TRADEWEB,1,D2C,MTF,DBFTFB,'3605500937617016853
2022-07-08 15:13:16.174000,FR0014002WK3,Corporate bond,DIRECTION GENERALE DU TRESOR,0,2031-11-25,571000,EUR,84.691,PERC,,TWEM,TWEM,TRADEWEB,1,D2C,MTF,DBFTFB,'3605497639082136429
2022-07-08 14:30:16.929000,FR0014002WK3,Corporate bond,DIRECTION GENERALE DU TRESOR,0,2031-11-25,1850000,EUR,85.003,PERC,,TWEM,TWEM,TRADEWEB,1,D2C,MTF,DBFTFB,'3605497639082136049
2022-07-08 14:20:53.313000,FR0014002WK3,Corporate bond,DIRECTION GENERALE DU TRESOR,0,2031-11-25,137000,EUR,84.975,PERC,,TWEM,TWEM,TRADEWEB,1,D2C,MTF,DBFTFB,'3605497639082135905
2022-07-08 11:22:10.483000,FR0014002WK3,Corporate bond,DIRECTION GENERALE DU TRESOR,0,2031-11-25,4000,EUR,85.157,PERC,,TWEM,TWEM,TRADEWEB,1,D2C,MTF,DBFTFB,'3605497639082133825
2022-07-08 11:21:03.674000,FR0014002WK3,Corporate bond,DIRECTION GENERALE DU TRESOR,0,2031-11-25,1000,EUR,85.169,PERC,,TWEM,TWEM,TRADEWEB,1,D2C,MTF,DBFTFB,'3605497639082133773
2022-07-08 08:17:45.505000,FR0014002WK3,Corporate bond,DIRECTION GENERALE DU TRESOR,0,2031-11-25,2000000,EUR,85.085,PERC,,TWEM,TWEM,TRADEWEB,1,D2C,MTF,DBFTFB,'3605497639082132178
2022-07-07 15:54:57.243000,FR0014002WK3,Corporate bond,DIRECTION GENERALE DU TRESOR,0,2031-11-25,385000,EUR,84.709,PERC,,TWEM,TWEM,TRADEWEB,1,D2C,MTF,DBFTFB,'3605496539570510528
2022-07-07 15:15:39.409000,FR0014002WK3,Corporate bond,DIRECTION GENERALE DU TRESOR,0,2031-11-25,5000,EUR,84.975,PERC,,TWEM,TWEM,TRADEWEB,1,D2C,MTF,DBFTFB,'3605496539570510198
2022-07-07 15:13:08.375000,FR0014002WK3,Corporate bond,DIRECTION GENERALE DU TRESOR,0,2031-11-25,2472000,EUR,84.95,PERC,,TWEM,TWEM,TRADEWEB,1,D2C,MTF,DBFTFB,'3605496539570509609
2022-07-07 15:04:54.684000,FR0014002WK3,Corporate bond,DIRECTION GENERALE DU TRESOR,0,2031-11-25,380000,EUR,84.898,PERC,,TWEM,TWEM,TRADEWEB,1,D2C,MTF,DBFTFB,'3605496539570509479
2022-07-07 13:57:07.155000,FR0014002WK3,Corporate bond,DIRECTION GENERALE DU TRESOR,0,2031-11-25,65000,EUR,85.049,PERC,,TWEM,TWEM,TRADEWEB,1,D2C,MTF,DBFTFB,'3605496539570508593
2022-07-07 10:58:14.730000,FR0014002WK3,Corporate bond,DIRECTION GENERALE DU TRESOR,0,2031-11-25,13000,EUR,84.795,PERC,,TWEM,TWEM,TRADEWEB,1,D2C,MTF,DBFTFB,'3605496539570506748
2022-07-07 10:56:41.833000,FR0014002WK3,Corporate bond,DIRECTION GENERALE DU TRESOR,0,2031-11-25,8000,EUR,84.783,PERC,,TWEM,TWEM,TRADEWEB,1,D2C,MTF,DBFTFB,'3605496539570506702
2022-07-07 10:39:57.142000,FR0014002WK3,Corporate bond,DIRECTION GENERALE DU TRESOR,0,2031-11-25,1535000,EUR,84.901,PERC,,TWEM,TWEM,TRADEWEB,1,D2C,MTF,DBFTFB,'3605496539570506489
2022-07-07 10:00:57.240000,FR0014002WK3,Corporate bond,DIRECTION GENERALE DU TRESOR,0,2031-11-25,15000,EUR,84.711,PERC,,TWEM,TWEM,TRADEWEB,1,D2C,MTF,DBFTFB,'3605496539570505957
2022-07-07 09:33:13.742000,FR0014002WK3,Corporate bond,DIRECTION GENERALE DU TRESOR,0,2031-11-25,1500000,EUR,84.721,PERC,,TWEM,TWEM,TRADEWEB,1,D2C,MTF,DBFTFB,'3605496539570505622
2022-07-06 15:18:04.266000,FR0014002WK3,Corporate bond,DIRECTION GENERALE DU TRESOR,0,2031-11-25,587000,EUR,85.603,PERC,,TWEM,TWEM,TRADEWEB,1,D2C,MTF,DBFTFB,'3605495440058882815
2022-07-06 15:16:18.164000,FR0014002WK3,Corporate bond,DIRECTION GENERALE DU TRESOR,0,2031-11-25,20000,EUR,85.656,PERC,,TWEM,TWEM,TRADEWEB,1,D2C,MTF,DBFTFB,'3605495440058882628
2022-07-06 15:15:34.337000,FR0014002WK3,Corporate bond,DIRECTION GENERALE DU TRESOR,0,2031-11-25,3000,EUR,85.687,PERC,,TWEM,TWEM,TRADEWEB,1,D2C,MTF,DBFTFB,'3605495440058882333
2022-07-06 15:14:08.306000,FR0014002WK3,Corporate bond,DIRECTION GENERALE DU TRESOR,0,2031-11-25,80000,EUR,85.649,PERC,,TWEM,TWEM,TRADEWEB,1,D2C,MTF,DBFTFB,'3605495440058881980
2022-07-06 15:13:29.344000,FR0014002WK3,Corporate bond,DIRECTION GENERALE DU TRESOR,0,2031-11-25,350000,EUR,85.635,PERC,,TWEM,TWEM,TRADEWEB,1,D2C,MTF,DBFTFB,'3605495440058881892
2022-07-06 15:13:12.403000,FR0014002WK3,Corporate bond,DIRECTION GENERALE DU TRESOR,0,2031-11-25,160000,EUR,85.639,PERC,,TWEM,TWEM,TRADEWEB,1,D2C,MTF,DBFTFB,'3605495440058881771
2022-07-06 13:38:22.166000,FR0014002WK3,Corporate bond,DIRECTION GENERALE DU TRESOR,0,2031-11-25,98000,EUR,85.879,PERC,,TWEM,TWEM,TRADEWEB,1,D2C,MTF,DBFTFB,'3605495440058880487
2022-07-06 07:44:05.857000,FR0014002WK3,Corporate bond,DIRECTION GENERALE DU TRESOR,0,2031-11-25,154954,EUR,85.066,PERC,,TWEM,TWEM,TRADEWEB,1,D2C,MTF,DBFTFB,'3605495440058876409
2022-07-06 07:31:39.810000,FR0014002WK3,Corporate bond,DIRECTION GENERALE DU TRESOR,0,2031-11-25,222000,EUR,85.159,PERC,,TWEM,TWEM,TRADEWEB,1,D2C,MTF,DBFTFB,'3605495440058876235
2022-07-06 06:54:16.852000,FR0014002WK3,Corporate bond,DIRECTION GENERALE DU TRESOR,0,2031-11-25,150000,EUR,84.957,PERC,,TWEM,TWEM,TRADEWEB,1,D2C,MTF,DBFTFB,'3605495440058875919
2022-07-05 15:57:05.100000,FR0014002WK3,Corporate bond,DIRECTION GENERALE DU TRESOR,0,2031-11-25,49000,EUR,85.331,PERC,,TWEM,TWEM,TRADEWEB,1,D2C,MTF,DBFTFB,'3605494340547254423
2022-07-05 15:13:57.751000,FR0014002WK3,Corporate bond,DIRECTION GENERALE DU TRESOR,0,2031-11-25,200000,EUR,85.178,PERC,,TWEM,TWEM,TRADEWEB,1,D2C,MTF,DBFTFB,'3605494340547253900
2022-07-05 15:13:04.654000,FR0014002WK3,Corporate bond,DIRECTION GENERALE DU TRESOR,0,2031-11-25,150000,EUR,85.133,PERC,,TWEM,TWEM,TRADEWEB,1,D2C,MTF,DBFTFB,'3605494340547253799
2022-07-05 14:52:22.021000,FR0014002WK3,Corporate bond,DIRECTION GENERALE DU TRESOR,0,2031-11-25,75000,EUR,84.991,PERC,,TWEM,TWEM,TRADEWEB,1,D2C,MTF,DBFTFB,'3605494340547253519
2022-07-05 13:54:26.664000,FR0014002WK3,Corporate bond,DIRECTION GENERALE DU TRESOR,0,2031-11-25,2850000,EUR,85.077,PERC,,TWEM,TWEM,TRADEWEB,1,D2C,MTF,DBFTFB,'3605494340547252723
2022-07-05 13:13:46.448000,FR0014002WK3,Corporate bond,DIRECTION GENERALE DU TRESOR,0,2031-11-25,200000,EUR,85.022,PERC,,TWEM,TWEM,TRADEWEB,1,D2C,MTF,DBFTFB,'3605494340547252282
2022-07-05 11:42:18.546000,FR0014002WK3,Corporate bond,DIRECTION GENERALE DU TRESOR,0,2031-11-25,25000,EUR,84.35,PERC,,TWEM,TWEM,TRADEWEB,1,D2C,MTF,DBFTFB,'3605494340547250996
2022-07-05 11:40:39.914000,FR0014002WK3,Corporate bond,DIRECTION GENERALE DU TRESOR,0,2031-11-25,4000,EUR,84.419,PERC,,TWEM,TWEM,TRADEWEB,1,D2C,MTF,DBFTFB,'3605494340547250961
2022-07-05 09:35:19.274000,FR0014002WK3,Corporate bond,DIRECTION GENERALE DU TRESOR,0,2031-11-25,100000,EUR,84.663,PERC,,TWEM,TWEM,TRADEWEB,1,D2C,MTF,DBFTFB,'3605494340547249691
2022-07-05 09:25:07.610000,FR0014002WK3,Corporate bond,DIRECTION GENERALE DU TRESOR,0,2031-11-25,1700000,EUR,84.669,PERC,,TWEM,TWEM,TRADEWEB,1,D2C,MTF,DBFTFB,'3605494340547249560
2022-07-05 05:03:48.000000,FR0014002WK3,Corporate bond,DIRECTION GENERALE DU TRESOR,0,2031-11-25,129017000,EUR,82.418883,PERC,IDAF,TWEM,TWEM,TRADEWEB,3,D2C,MTF,DBFTFB,'7208374042443645599
2022-07-04 15:15:14.467000,FR0014002WK3,Corporate bond,DIRECTION GENERALE DU TRESOR,0,2031-11-25,5000,EUR,84.134,PERC,,TWEM,TWEM,TRADEWEB,1,D2C,MTF,DBFTFB,'3605493241035625601
2022-07-04 15:15:11.155000,FR0014002WK3,Corporate bond,DIRECTION GENERALE DU TRESOR,0,2031-11-25,41600,EUR,84.136,PERC,,TWEM,TWEM,TRADEWEB,1,D2C,MTF,DBFTFB,'3605493241035625561
2022-07-04 15:14:03.016000,FR0014002WK3,Corporate bond,DIRECTION GENERALE DU TRESOR,0,2031-11-25,130000,EUR,84.148,PERC,,TWEM,TWEM,TRADEWEB,1,D2C,MTF,DBFTFB,'3605493241035625343
2022-07-04 15:13:13.123000,FR0014002WK3,Corporate bond,DIRECTION GENERALE DU TRESOR,0,2031-11-25,916000,EUR,84.147,PERC,,TWEM,TWEM,TRADEWEB,1,D2C,MTF,DBFTFB,'3605493241035625275
2022-07-04 13:40:22.858000,FR0014002WK3,Corporate bond,DIRECTION GENERALE DU TRESOR,0,2031-11-25,2200000,EUR,84.133,PERC,,TWEM,TWEM,TRADEWEB,1,D2C,MTF,DBFTFB,'3605493241035624258
2022-07-04 13:17:15.831000,FR0014002WK3,Corporate bond,DIRECTION GENERALE DU TRESOR,0,2031-11-25,200000,EUR,84.2,PERC,,TWEM,TWEM,TRADEWEB,1,D2C,MTF,DBFTFB,'3605493241035624021
2022-07-04 10:03:06.568000,FR0014002WK3,Corporate bond,DIRECTION GENERALE DU TRESOR,0,2031-11-25,1378000,EUR,84.368,PERC,,TWEM,TWEM,TRADEWEB,1,D2C,MTF,DBFTFB,'3605493241035622413
2022-07-04 10:00:00.060000,FR0014002WK3,Corporate bond,DIRECTION GENERALE DU TRESOR,0,2031-11-25,44677,EUR,84.378,PERC,,TWEM,TWEM,TRADEWEB,1,D2C,MTF,DBFTFB,'3605493241035622372
2022-07-04 08:17:32.990000,FR0014002WK3,Corporate bond,DIRECTION GENERALE DU TRESOR,0,2031-11-25,500000,EUR,84.949,PERC,,TWEM,TWEM,TRADEWEB,1,D2C,MTF,DBFTFB,'3605493241035621131
2022-07-01 15:51:07.260000,FR0014002WK3,Corporate bond,DIRECTION GENERALE DU TRESOR,0,2031-11-25,497000,EUR,85.215,PERC,,TWEM,TWEM,TRADEWEB,1,D2C,MTF,DBFTFB,'3605489942500743938
2022-07-01 15:14:06.052000,FR0014002WK3,Corporate bond,DIRECTION GENERALE DU TRESOR,0,2031-11-25,100000,EUR,85.304,PERC,,TWEM,TWEM,TRADEWEB,1,D2C,MTF,DBFTFB,'3605489942500743469
2022-07-01 13:17:23.933000,FR0014002WK3,Corporate bond,DIRECTION GENERALE DU TRESOR,0,2031-11-25,620000,EUR,85.07,PERC,,TWEM,TWEM,TRADEWEB,1,D2C,MTF,DBFTFB,'3605489942500741788
2022-07-01 13:00:22.174000,FR0014002WK3,Corporate bond,DIRECTION GENERALE DU TRESOR,0,2031-11-25,56000,EUR,84.909,PERC,,TWEM,TWEM,TRADEWEB,1,D2C,MTF,DBFTFB,'3605489942500741499
2022-07-01 12:29:17.226000,FR0014002WK3,Corporate bond,DIRECTION GENERALE DU TRESOR,0,2031-11-25,1000000,EUR,84.738,PERC,,TWEM,TWEM,TRADEWEB,1,D2C,MTF,DBFTFB,'3605489942500741128
2022-07-01 11:37:27.821000,FR0014002WK3,Corporate bond,DIRECTION GENERALE DU TRESOR,0,2031-11-25,13000,EUR,84.559,PERC,,TWEM,TWEM,TRADEWEB,1,D2C,MTF,DBFTFB,'3605489942500740403
2022-07-01 08:12:29.194000,FR0014002WK3,Corporate bond,DIRECTION GENERALE DU TRESOR,0,2031-11-25,700000,EUR,83.787,PERC,,TWEM,TWEM,TRADEWEB,1,D2C,MTF,DBFTFB,'3605489942500738033
2022-07-01 07:56:05.454000,FR0014002WK3,Corporate bond,DIRECTION GENERALE DU TRESOR,0,2031-11-25,150000,EUR,83.962,PERC,,TWEM,TWEM,TRADEWEB,1,D2C,MTF,DBFTFB,'3605489942500737811
2022-07-01 07:28:18.336000,FR0014002WK3,Corporate bond,DIRECTION GENERALE DU TRESOR,0,2031-11-25,200000,EUR,84.198,PERC,,TWEM,TWEM,TRADEWEB,1,D2C,MTF,DBFTFB,'3605489942500737435
2022-06-30 15:35:08.326000,FR0014002WK3,Corporate bond,DIRECTION GENERALE DU TRESOR,0,2031-11-25,4000,EUR,84.001,PERC,,TWEM,TWEM,TRADEWEB,1,D2C,MTF,DBFTFB,'3605488842989119176
2022-06-30 15:25:47.125000,FR0014002WK3,Corporate bond,DIRECTION GENERALE DU TRESOR,0,2031-11-25,3000,EUR,84.081,PERC,,TWEM,TWEM,TRADEWEB,1,D2C,MTF,DBFTFB,'3605488842989118946
2022-06-30 15:24:41.744000,FR0014002WK3,Corporate bond,DIRECTION GENERALE DU TRESOR,0,2031-11-25,7000,EUR,84.098,PERC,,TWEM,TWEM,TRADEWEB,1,D2C,MTF,DBFTFB,'3605488842989118826
2022-06-30 15:24:27.403000,FR0014002WK3,Corporate bond,DIRECTION GENERALE DU TRESOR,0,2031-11-25,10000,EUR,84.095,PERC,,TWEM,TWEM,TRADEWEB,1,D2C,MTF,DBFTFB,'3605488842989118802
2022-06-30 15:17:22.659000,FR0014002WK3,Corporate bond,DIRECTION GENERALE DU TRESOR,0,2031-11-25,226000,EUR,83.983,PERC,,TWEM,TWEM,TRADEWEB,1,D2C,MTF,DBFTFB,'3605488842989118433
2022-06-30 15:16:36.885000,FR0014002WK3,Corporate bond,DIRECTION GENERALE DU TRESOR,0,2031-11-25,101000,EUR,83.984,PERC,,TWEM,TWEM,TRADEWEB,1,D2C,MTF,DBFTFB,'3605488842989118191
2022-06-30 15:16:35.093000,FR0014002WK3,Corporate bond,DIRECTION GENERALE DU TRESOR,0,2031-11-25,86000,EUR,83.993,PERC,,TWEM,TWEM,TRADEWEB,1,D2C,MTF,DBFTFB,'3605488842989118189
2022-06-30 15:16:10.772000,FR0014002WK3,Corporate bond,DIRECTION GENERALE DU TRESOR,0,2031-11-25,178000,EUR,84.01,PERC,,TWEM,TWEM,TRADEWEB,1,D2C,MTF,DBFTFB,'3605488842989117927
2022-06-30 15:15:11.569000,FR0014002WK3,Corporate bond,DIRECTION GENERALE DU TRESOR,0,2031-11-25,46000,EUR,83.936,PERC,,TWEM,TWEM,TRADEWEB,1,D2C,MTF,DBFTFB,'3605488842989116724
2022-06-30 15:15:08.678000,FR0014002WK3,Corporate bond,DIRECTION GENERALE DU TRESOR,0,2031-11-25,304000,EUR,83.942,PERC,,TWEM,TWEM,TRADEWEB,1,D2C,MTF,DBFTFB,'3605488842989116653
2022-06-30 15:14:40.885000,FR0014002WK3,Corporate bond,DIRECTION GENERALE DU TRESOR,0,2031-11-25,300000,EUR,83.932,PERC,,TWEM,TWEM,TRADEWEB,1,D2C,MTF,DBFTFB,'3605488842989116430
2022-06-30 15:14:27.773000,FR0014002WK3,Corporate bond,DIRECTION GENERALE DU TRESOR,0,2031-11-25,100000,EUR,83.963,PERC,,TWEM,TWEM,TRADEWEB,1,D2C,MTF,DBFTFB,'3605488842989116311
2022-06-30 15:14:01.363000,FR0014002WK3,Corporate bond,DIRECTION GENERALE DU TRESOR,0,2031-11-25,163000,EUR,83.971,PERC,,TWEM,TWEM,TRADEWEB,1,D2C,MTF,DBFTFB,'3605488842989116030
2022-06-30 15:13:33.270000,FR0014002WK3,Corporate bond,DIRECTION GENERALE DU TRESOR,0,2031-11-25,504000,EUR,83.964,PERC,,TWEM,TWEM,TRADEWEB,1,D2C,MTF,DBFTFB,'3605488842989115817
2022-06-30 15:13:27.590000,FR0014002WK3,Corporate bond,DIRECTION GENERALE DU TRESOR,0,2031-11-25,228000,EUR,83.934,PERC,,TWEM,TWEM,TRADEWEB,1,D2C,MTF,DBFTFB,'3605488842989115762
2022-06-30 14:53:25.336000,FR0014002WK3,Corporate bond,DIRECTION GENERALE DU TRESOR,0,2031-11-25,400000,EUR,84.029,PERC,,TWEM,TWEM,TRADEWEB,1,D2C,MTF,DBFTFB,'3605488842989115153
2022-06-30 14:42:50.268000,FR0014002WK3,Corporate bond,DIRECTION GENERALE DU TRESOR,0,2031-11-25,40000,EUR,84.08,PERC,,TWEM,TWEM,TRADEWEB,1,D2C,MTF,DBFTFB,'3605488842989114957
2022-06-30 14:42:42.980000,FR0014002WK3,Corporate bond,DIRECTION GENERALE DU TRESOR,0,2031-11-25,2617000,EUR,84.089,PERC,,TWEM,TWEM,TRADEWEB,1,D2C,MTF,DBFTFB,'3605488842989114953
2022-06-30 14:13:05.691000,FR0014002WK3,Corporate bond,DIRECTION GENERALE DU TRESOR,0,2031-11-25,300000,EUR,83.959,PERC,,TWEM,TWEM,TRADEWEB,1,D2C,MTF,DBFTFB,'3605488842989114403
2022-06-30 12:18:35.075000,FR0014002WK3,Corporate bond,DIRECTION GENERALE DU TRESOR,0,2031-11-25,92000,EUR,83.94,PERC,,TWEM,TWEM,TRADEWEB,1,D2C,MTF,DBFTFB,'3605488842989112790
2022-06-30 09:21:16.744000,FR0014002WK3,Corporate bond,DIRECTION GENERALE DU TRESOR,0,2031-11-25,9000,EUR,83.745,PERC,,TWEM,TWEM,TRADEWEB,1,D2C,MTF,DBFTFB,'3605488842989110976
2022-06-29 15:16:28.476000,FR0014002WK3,Corporate bond,DIRECTION GENERALE DU TRESOR,0,2031-11-25,2173355,EUR,83.203,PERC,,TWEM,TWEM,TRADEWEB,1,D2C,MTF,DBFTFB,'3605487743477487328
2022-06-29 15:03:58.147000,FR0014002WK3,Corporate bond,DIRECTION GENERALE DU TRESOR,0,2031-11-25,1112000,EUR,83.16,PERC,,TWEM,TWEM,TRADEWEB,1,D2C,MTF,DBFTFB,'3605487743477487046
2022-06-29 14:51:49.995000,FR0014002WK3,Corporate bond,DIRECTION GENERALE DU TRESOR,0,2031-11-25,17871,EUR,82.955,PERC,,TWEM,TWEM,TRADEWEB,1,D2C,MTF,DBFTFB,'3605487743477486768
2022-06-29 13:16:11.591000,FR0014002WK3,Corporate bond,DIRECTION GENERALE DU TRESOR,0,2031-11-25,251000,EUR,82.339,PERC,,TWEM,TWEM,TRADEWEB,1,D2C,MTF,DBFTFB,'3605487743477485653
2022-06-29 10:58:48.337000,FR0014002WK3,Corporate bond,DIRECTION GENERALE DU TRESOR,0,2031-11-25,8000,EUR,82.488,PERC,,TWEM,TWEM,TRADEWEB,1,D2C,MTF,DBFTFB,'3605487743477484195
2022-06-28 15:27:01.946000,FR0014002WK3,Corporate bond,DIRECTION GENERALE DU TRESOR,0,2031-11-25,10110,EUR,82.202,PERC,,TWEM,TWEM,TRADEWEB,1,D2C,MTF,DBFTFB,'3605486643965859524
2022-06-28 15:15:45.148000,FR0014002WK3,Corporate bond,DIRECTION GENERALE DU TRESOR,0,2031-11-25,543000,EUR,82.177,PERC,,TWEM,TWEM,TRADEWEB,1,D2C,MTF,DBFTFB,'3605486643965859109
2022-06-28 10:52:54.832000,FR0014002WK3,Corporate bond,DIRECTION GENERALE DU TRESOR,0,2031-11-25,2000,EUR,82.123,PERC,,TWEM,TWEM,TRADEWEB,1,D2C,MTF,DBFTFB,'3605486643965856036
2022-06-28 06:48:22.705000,FR0014002WK3,Corporate bond,DIRECTION GENERALE DU TRESOR,0,2031-11-25,50000,EUR,82.704,PERC,,TWEM,TWEM,TRADEWEB,1,D2C,MTF,DBFTFB,'3605486643965853702
2022-06-28 05:03:46.000000,FR0014002WK3,Corporate bond,DIRECTION GENERALE DU TRESOR,0,2031-11-25,31638000,EUR,82.214233,PERC,IDAF,TWEM,TWEM,TRADEWEB,5,D2C,MTF,DBFTFB,'7208366345862251258
2022-06-27 15:25:25.293000,FR0014002WK3,Corporate bond,DIRECTION GENERALE DU TRESOR,0,2031-11-25,9533,EUR,83.002,PERC,,TWEM,TWEM,TRADEWEB,1,D2C,MTF,DBFTFB,'3605485544454231430
2022-06-27 15:15:09.450000,FR0014002WK3,Corporate bond,DIRECTION GENERALE DU TRESOR,0,2031-11-25,25000,EUR,83.067,PERC,,TWEM,TWEM,TRADEWEB,1,D2C,MTF,DBFTFB,'3605485544454231265
2022-06-27 12:22:00.121000,FR0014002WK3,Corporate bond,DIRECTION GENERALE DU TRESOR,0,2031-11-25,500000,EUR,82.956,PERC,,TWEM,TWEM,TRADEWEB,1,D2C,MTF,DBFTFB,'3605485544454229187
2022-06-27 12:17:54.728000,FR0014002WK3,Corporate bond,DIRECTION GENERALE DU TRESOR,0,2031-11-25,500000,EUR,82.898,PERC,,TWEM,TWEM,TRADEWEB,1,D2C,MTF,DBFTFB,'3605485544454229162
2022-06-27 12:11:15.385000,FR0014002WK3,Corporate bond,DIRECTION GENERALE DU TRESOR,0,2031-11-25,1000000,EUR,82.794,PERC,,TWEM,TWEM,TRADEWEB,1,D2C,MTF,DBFTFB,'3605485544454229119
2022-06-27 12:01:03.848000,FR0014002WK3,Corporate bond,DIRECTION GENERALE DU TRESOR,0,2031-11-25,280000,EUR,82.943,PERC,,TWEM,TWEM,TRADEWEB,1,D2C,MTF,DBFTFB,'3605485544454228871
2022-06-27 11:17:33.519000,FR0014002WK3,Corporate bond,DIRECTION GENERALE DU TRESOR,0,2031-11-25,117000,EUR,82.981,PERC,,TWEM,TWEM,TRADEWEB,1,D2C,MTF,DBFTFB,'3605485544454228484
2022-06-27 09:39:21.989000,FR0014002WK3,Corporate bond,DIRECTION GENERALE DU TRESOR,0,2031-11-25,1000000,EUR,83.114,PERC,,TWEM,TWEM,TRADEWEB,1,D2C,MTF,DBFTFB,'3605485544454227714
2022-06-27 08:22:33.861000,FR0014002WK3,Corporate bond,DIRECTION GENERALE DU TRESOR,0,2031-11-25,1200000,EUR,83.367,PERC,,TWEM,TWEM,TRADEWEB,1,D2C,MTF,DBFTFB,'3605485544454226625
2022-06-27 08:15:47.706000,FR0014002WK3,Corporate bond,DIRECTION GENERALE DU TRESOR,0,2031-11-25,1200000,EUR,83.354,PERC,,TWEM,TWEM,TRADEWEB,1,D2C,MTF,DBFTFB,'3605485544454226572
2022-06-27 07:11:49.896000,FR0014002WK3,Corporate bond,DIRECTION GENERALE DU TRESOR,0,2031-11-25,600000,EUR,83.446,PERC,,TWEM,TWEM,TRADEWEB,1,D2C,MTF,DBFTFB,'3605485544454226025
2022-06-24 15:58:35.643000,FR0014002WK3,Corporate bond,DIRECTION GENERALE DU TRESOR,0,2031-11-25,362000,EUR,83.82,PERC,,TWEM,TWEM,TRADEWEB,1,D2C,MTF,DBFTFB,'3605482245919348388
2022-06-24 15:16:43.977000,FR0014002WK3,Corporate bond,DIRECTION GENERALE DU TRESOR,0,2031-11-25,3451,EUR,83.86,PERC,,TWEM,TWEM,TRADEWEB,1,D2C,MTF,DBFTFB,'3605482245919348099
2022-06-24 15:13:20.335000,FR0014002WK3,Corporate bond,DIRECTION GENERALE DU TRESOR,0,2031-11-25,1150000,EUR,83.878,PERC,,TWEM,TWEM,TRADEWEB,1,D2C,MTF,DBFTFB,'3605482245919347823
2022-06-24 12:08:26.300000,FR0014002WK3,Corporate bond,DIRECTION GENERALE DU TRESOR,0,2031-11-25,19137000,EUR,83.398,PERC,FULV SIZE TPAC,TWEM,TWEM,TRADEWEB,1,D2C,MTF,DBFTFB,'7208397132187835879
2022-06-24 09:30:04.191000,FR0014002WK3,Corporate bond,DIRECTION GENERALE DU TRESOR,0,2031-11-25,1509000,EUR,83.544,PERC,,TWEM,TWEM,TRADEWEB,1,D2C,MTF,DBFTFB,'3605482245919344250
2022-06-24 07:36:13.135000,FR0014002WK3,Corporate bond,DIRECTION GENERALE DU TRESOR,0,2031-11-25,287000,EUR,84.263,PERC,,TWEM,TWEM,TRADEWEB,1,D2C,MTF,DBFTFB,'3605482245919342864
2022-06-23 14:36:57.331000,FR0014002WK3,Corporate bond,DIRECTION GENERALE DU TRESOR,0,2031-11-25,794000,EUR,83.882,PERC,,TWEM,TWEM,TRADEWEB,1,D2C,MTF,DBFTFB,'3605481146407719551
2022-06-23 09:30:05.021000,FR0014002WK3,Corporate bond,DIRECTION GENERALE DU TRESOR,0,2031-11-25,1453000,EUR,83.718,PERC,,TWEM,TWEM,TRADEWEB,1,D2C,MTF,DBFTFB,'3605481146407716577
2022-06-23 08:00:05.241000,FR0014002WK3,Corporate bond,DIRECTION GENERALE DU TRESOR,0,2031-11-25,1801000,EUR,83.26,PERC,,TWEM,TWEM,TRADEWEB,1,D2C,MTF,DBFTFB,'3605481146407715500
2022-06-22 15:15:38.352000,FR0014002WK3,Corporate bond,DIRECTION GENERALE DU TRESOR,0,2031-11-25,100000,EUR,82.281,PERC,,TWEM,TWEM,TRADEWEB,1,D2C,MTF,DBFTFB,'3605480046896092990
2022-06-22 15:13:05.540000,FR0014002WK3,Corporate bond,DIRECTION GENERALE DU TRESOR,0,2031-11-25,400000,EUR,82.342,PERC,,TWEM,TWEM,TRADEWEB,1,D2C,MTF,DBFTFB,'3605480046896092771
2022-06-22 14:16:36.163000,FR0014002WK3,Corporate bond,DIRECTION GENERALE DU TRESOR,0,2031-11-25,1000000,EUR,82.339,PERC,,TWEM,TWEM,TRADEWEB,1,D2C,MTF,DBFTFB,'3605480046896092152
2022-06-22 14:07:10.029000,FR0014002WK3,Corporate bond,DIRECTION GENERALE DU TRESOR,0,2031-11-25,287000,EUR,82.419,PERC,,TWEM,TWEM,TRADEWEB,1,D2C,MTF,DBFTFB,'3605480046896092029
2022-06-22 10:03:46.048000,FR0014002WK3,Corporate bond,DIRECTION GENERALE DU TRESOR,0,2031-11-25,1000000,EUR,81.788,PERC,,TWEM,TWEM,TRADEWEB,1,D2C,MTF,DBFTFB,'3605480046896089502
2022-06-22 09:29:47.772000,FR0014002WK3,Corporate bond,DIRECTION GENERALE DU TRESOR,0,2031-11-25,1500000,EUR,81.707,PERC,,TWEM,TWEM,TRADEWEB,1,D2C,MTF,DBFTFB,'3605480046896089017
2022-06-22 09:14:19.593000,FR0014002WK3,Corporate bond,DIRECTION GENERALE DU TRESOR,0,2031-11-25,500000,EUR,81.719,PERC,,TWEM,TWEM,TRADEWEB,1,D2C,MTF,DBFTFB,'3605480046896088807
2022-06-22 09:10:18.569000,FR0014002WK3,Corporate bond,DIRECTION GENERALE DU TRESOR,0,2031-11-25,500000,EUR,81.693,PERC,,TWEM,TWEM,TRADEWEB,1,D2C,MTF,DBFTFB,'3605480046896088687
2022-06-22 09:09:16.881000,FR0014002WK3,Corporate bond,DIRECTION GENERALE DU TRESOR,0,2031-11-25,1500000,EUR,81.671,PERC,,TWEM,TWEM,TRADEWEB,1,D2C,MTF,DBFTFB,'3605480046896088658
2022-06-22 09:05:19.397000,FR0014002WK3,Corporate bond,DIRECTION GENERALE DU TRESOR,0,2031-11-25,19000000,EUR,81.673,PERC,FULV SIZE TPAC,TWEM,TWEM,TRADEWEB,1,D2C,MTF,DBFTFB,'7208392734141317205
2022-06-22 08:47:50.903000,FR0014002WK3,Corporate bond,DIRECTION GENERALE DU TRESOR,0,2031-11-25,1500000,EUR,81.647,PERC,,TWEM,TWEM,TRADEWEB,1,D2C,MTF,DBFTFB,'3605480046896088206
2022-06-22 08:46:40.854000,FR0014002WK3,Corporate bond,DIRECTION GENERALE DU TRESOR,0,2031-11-25,1500000,EUR,81.675,PERC,,TWEM,TWEM,TRADEWEB,1,D2C,MTF,DBFTFB,'3605480046896088197
2022-06-22 07:45:06.726000,FR0014002WK3,Corporate bond,DIRECTION GENERALE DU TRESOR,0,2031-11-25,1135855,EUR,81.589,PERC,,TWEM,TWEM,TRADEWEB,1,D2C,MTF,DBFTFB,'3605480046896087447
2022-06-21 15:49:02.223000,FR0014002WK3,Corporate bond,DIRECTION GENERALE DU TRESOR,0,2031-11-25,310000,EUR,81.055,PERC,,TWEM,TWEM,TRADEWEB,1,D2C,MTF,DBFTFB,'3605478947384466156
2022-06-21 13:55:15.335000,FR0014002WK3,Corporate bond,DIRECTION GENERALE DU TRESOR,0,2031-11-25,2600000,EUR,81.1,PERC,,TWEM,TWEM,TRADEWEB,1,D2C,MTF,DBFTFB,'3605478947384464646
2022-06-21 13:25:42.710000,FR0014002WK3,Corporate bond,DIRECTION GENERALE DU TRESOR,0,2031-11-25,1155510,EUR,80.963,PERC,,TWEM,TWEM,TRADEWEB,1,D2C,MTF,DBFTFB,'3605478947384464231
2022-06-21 12:56:05.345000,FR0014002WK3,Corporate bond,DIRECTION GENERALE DU TRESOR,0,2031-11-25,300000,EUR,80.913,PERC,,TWEM,TWEM,TRADEWEB,1,D2C,MTF,DBFTFB,'3605478947384463904
2022-06-21 10:25:21.483000,FR0014002WK3,Corporate bond,DIRECTION GENERALE DU TRESOR,0,2031-11-25,745000,EUR,81.195,PERC,,TWEM,TWEM,TRADEWEB,1,D2C,MTF,DBFTFB,'3605478947384462319
2022-06-21 09:06:51.440000,FR0014002WK3,Corporate bond,DIRECTION GENERALE DU TRESOR,0,2031-11-25,200000,EUR,81.429,PERC,,TWEM,TWEM,TRADEWEB,1,D2C,MTF,DBFTFB,'3605478947384461104
2022-06-21 07:30:59.283000,FR0014002WK3,Corporate bond,DIRECTION GENERALE DU TRESOR,0,2031-11-25,1203398,EUR,81.344,PERC,,TWEM,TWEM,TRADEWEB,1,D2C,MTF,DBFTFB,'3605478947384459692
2022-06-21 05:03:31.000000,FR0014002WK3,Corporate bond,DIRECTION GENERALE DU TRESOR,0,2031-11-25,72719000,EUR,80.70928,PERC,IDAF,TWEM,TWEM,TRADEWEB,6,D2C,MTF,DBFTFB,'7208358649280856703
2022-06-20 15:55:00.762000,FR0014002WK3,Corporate bond,DIRECTION GENERALE DU TRESOR,0,2031-11-25,827000,EUR,81.193,PERC,,TWEM,TWEM,TRADEWEB,1,D2C,MTF,DBFTFB,'3605477847872837591
2022-06-20 15:48:12.233000,FR0014002WK3,Corporate bond,DIRECTION GENERALE DU TRESOR,0,2031-11-25,1337,EUR,81.195,PERC,,TWEM,TWEM,TRADEWEB,1,D2C,MTF,DBFTFB,'3605477847872837492
2022-06-20 14:03:29.859000,FR0014002WK3,Corporate bond,DIRECTION GENERALE DU TRESOR,0,2031-11-25,431000,EUR,81.538,PERC,,TWEM,TWEM,TRADEWEB,1,D2C,MTF,DBFTFB,'3605477847872836417
2022-06-20 12:03:12.607000,FR0014002WK3,Corporate bond,DIRECTION GENERALE DU TRESOR,0,2031-11-25,430000,EUR,81.865,PERC,,TWEM,TWEM,TRADEWEB,1,D2C,MTF,DBFTFB,'3605477847872835065
2022-06-20 10:58:24.414000,FR0014002WK3,Corporate bond,DIRECTION GENERALE DU TRESOR,0,2031-11-25,7000,EUR,81.826,PERC,,TWEM,TWEM,TRADEWEB,1,D2C,MTF,DBFTFB,'3605477847872834350
2022-06-20 10:28:34.525000,FR0014002WK3,Corporate bond,DIRECTION GENERALE DU TRESOR,0,2031-11-25,217000,EUR,81.872,PERC,,TWEM,TWEM,TRADEWEB,1,D2C,MTF,DBFTFB,'3605477847872834044
2022-06-20 08:30:04.935000,FR0014002WK3,Corporate bond,DIRECTION GENERALE DU TRESOR,0,2031-11-25,1475000,EUR,82.045,PERC,,TWEM,TWEM,TRADEWEB,1,D2C,MTF,DBFTFB,'3605477847872832495
2022-06-20 08:27:48.341000,FR0014002WK3,Corporate bond,DIRECTION GENERALE DU TRESOR,0,2031-11-25,250000,EUR,82.036,PERC,,TWEM,TWEM,TRADEWEB,1,D2C,MTF,DBFTFB,'3605477847872832472
2022-06-20 08:01:43.627000,FR0014002WK3,Corporate bond,DIRECTION GENERALE DU TRESOR,0,2031-11-25,500000,EUR,81.782,PERC,,TWEM,TWEM,TRADEWEB,1,D2C,MTF,DBFTFB,'3605477847872832118
2022-06-17 15:21:46.260000,FR0014002WK3,Corporate bond,DIRECTION GENERALE DU TRESOR,0,2031-11-25,669000,EUR,81.974,PERC,,TWEM,TWEM,TRADEWEB,1,D2C,MTF,DBFTFB,'3605474549337954847
2022-06-17 15:13:49.520000,FR0014002WK3,Corporate bond,DIRECTION GENERALE DU TRESOR,0,2031-11-25,142000,EUR,81.929,PERC,,TWEM,TWEM,TRADEWEB,1,D2C,MTF,DBFTFB,'3605474549337954646
2022-06-17 15:13:16.549000,FR0014002WK3,Corporate bond,DIRECTION GENERALE DU TRESOR,0,2031-11-25,120000,EUR,81.918,PERC,,TWEM,TWEM,TRADEWEB,1,D2C,MTF,DBFTFB,'3605474549337954585
2022-06-17 14:18:23.144000,FR0014002WK3,Corporate bond,DIRECTION GENERALE DU TRESOR,0,2031-11-25,500000,EUR,81.394,PERC,,TWEM,TWEM,TRADEWEB,1,D2C,MTF,DBFTFB,'3605474549337954043
2022-06-17 11:43:11.084000,FR0014002WK3,Corporate bond,DIRECTION GENERALE DU TRESOR,0,2031-11-25,3000,EUR,81.936,PERC,,TWEM,TWEM,TRADEWEB,1,D2C,MTF,DBFTFB,'3605474549337951850
2022-06-17 11:43:11.069000,FR0014002WK3,Corporate bond,DIRECTION GENERALE DU TRESOR,0,2031-11-25,1000,EUR,81.949,PERC,,TWEM,TWEM,TRADEWEB,1,D2C,MTF,DBFTFB,'3605474549337951849
2022-06-17 10:08:29.491000,FR0014002WK3,Corporate bond,DIRECTION GENERALE DU TRESOR,0,2031-11-25,1433895,EUR,82.208,PERC,,TWEM,TWEM,TRADEWEB,1,D2C,MTF,DBFTFB,'3605474549337950999
2022-06-17 09:22:55.138000,FR0014002WK3,Corporate bond,DIRECTION GENERALE DU TRESOR,0,2031-11-25,500000,EUR,82.237,PERC,,TWEM,TWEM,TRADEWEB,1,D2C,MTF,DBFTFB,'3605474549337950253
2022-06-17 09:20:05.872000,FR0014002WK3,Corporate bond,DIRECTION GENERALE DU TRESOR,0,2031-11-25,1000000,EUR,82.2,PERC,,TWEM,TWEM,TRADEWEB,1,D2C,MTF,DBFTFB,'3605474549337950191
2022-06-16 15:52:46.570000,FR0014002WK3,Corporate bond,DIRECTION GENERALE DU TRESOR,0,2031-11-25,353000,EUR,81.577,PERC,,TWEM,TWEM,TRADEWEB,1,D2C,MTF,DBFTFB,'3605473449826327984
2022-06-16 14:56:13.249000,FR0014002WK3,Corporate bond,DIRECTION GENERALE DU TRESOR,0,2031-11-25,7000,EUR,81.284,PERC,,TWEM,TWEM,TRADEWEB,1,D2C,MTF,DBFTFB,'3605473449826326917
2022-06-16 14:49:14.152000,FR0014002WK3,Corporate bond,DIRECTION GENERALE DU TRESOR,0,2031-11-25,38000,EUR,81.167,PERC,,TWEM,TWEM,TRADEWEB,1,D2C,MTF,DBFTFB,'3605473449826326784
2022-06-16 11:45:31.465000,FR0014002WK3,Corporate bond,DIRECTION GENERALE DU TRESOR,0,2031-11-25,2000,EUR,80.175,PERC,,TWEM,TWEM,TRADEWEB,1,D2C,MTF,DBFTFB,'3605473449826324136
2022-06-16 08:42:53.458000,FR0014002WK3,Corporate bond,DIRECTION GENERALE DU TRESOR,0,2031-11-25,1200000,EUR,80.93,PERC,,TWEM,TWEM,TRADEWEB,1,D2C,MTF,DBFTFB,'3605473449826321893
2022-06-16 08:20:47.320000,FR0014002WK3,Corporate bond,DIRECTION GENERALE DU TRESOR,0,2031-11-25,1200000,EUR,81.135,PERC,,TWEM,TWEM,TRADEWEB,1,D2C,MTF,DBFTFB,'3605473449826321480
2022-06-15 15:36:37.752000,FR0014002WK3,Corporate bond,DIRECTION GENERALE DU TRESOR,0,2031-11-25,104000,EUR,81.745,PERC,,TWEM,TWEM,TRADEWEB,1,D2C,MTF,DBFTFB,'3605472350314702013
2022-06-15 15:22:00.847000,FR0014002WK3,Corporate bond,DIRECTION GENERALE DU TRESOR,0,2031-11-25,219943,EUR,81.847,PERC,,TWEM,TWEM,TRADEWEB,1,D2C,MTF,DBFTFB,'3605472350314701712
2022-06-15 15:16:19.291000,FR0014002WK3,Corporate bond,DIRECTION GENERALE DU TRESOR,0,2031-11-25,135000,EUR,81.873,PERC,,TWEM,TWEM,TRADEWEB,1,D2C,MTF,DBFTFB,'3605472350314701553
2022-06-15 15:15:33.874000,FR0014002WK3,Corporate bond,DIRECTION GENERALE DU TRESOR,0,2031-11-25,625000,EUR,81.949,PERC,,TWEM,TWEM,TRADEWEB,1,D2C,MTF,DBFTFB,'3605472350314701458
2022-06-15 15:14:08.410000,FR0014002WK3,Corporate bond,DIRECTION GENERALE DU TRESOR,0,2031-11-25,500000,EUR,81.918,PERC,,TWEM,TWEM,TRADEWEB,1,D2C,MTF,DBFTFB,'3605472350314701313
2022-06-15 08:35:06.652000,FR0014002WK3,Corporate bond,DIRECTION GENERALE DU TRESOR,0,2031-11-25,362636,EUR,80.94,PERC,,TWEM,TWEM,TRADEWEB,1,D2C,MTF,DBFTFB,'3605472350314694381
2022-06-15 08:34:57.627000,FR0014002WK3,Corporate bond,DIRECTION GENERALE DU TRESOR,0,2031-11-25,828864,EUR,80.946,PERC,,TWEM,TWEM,TRADEWEB,1,D2C,MTF,DBFTFB,'3605472350314694376
2022-06-15 08:16:06.185000,FR0014002WK3,Corporate bond,DIRECTION GENERALE DU TRESOR,0,2031-11-25,734,EUR,81.108,PERC,,TWEM,TWEM,TRADEWEB,1,D2C,MTF,DBFTFB,'3605472350314693840
2022-06-15 08:01:03.990000,FR0014002WK3,Corporate bond,DIRECTION GENERALE DU TRESOR,0,2031-11-25,993000,EUR,80.975,PERC,,TWEM,TWEM,TRADEWEB,1,D2C,MTF,DBFTFB,'3605472350314693644
2022-06-14 15:39:44.442000,FR0014002WK3,Corporate bond,DIRECTION GENERALE DU TRESOR,0,2031-11-25,1220000,EUR,80.573,PERC,,TWEM,TWEM,TRADEWEB,1,D2C,MTF,DBFTFB,'3605471250803073149
2022-06-14 15:35:33.751000,FR0014002WK3,Corporate bond,DIRECTION GENERALE DU TRESOR,0,2031-11-25,1370000,EUR,80.637,PERC,,TWEM,TWEM,TRADEWEB,1,D2C,MTF,DBFTFB,'3605471250803073110
2022-06-14 15:23:27.102000,FR0014002WK3,Corporate bond,DIRECTION GENERALE DU TRESOR,0,2031-11-25,33000,EUR,80.929,PERC,,TWEM,TWEM,TRADEWEB,1,D2C,MTF,DBFTFB,'3605471250803072850
2022-06-14 09:48:52.390000,FR0014002WK3,Corporate bond,DIRECTION GENERALE DU TRESOR,0,2031-11-25,1200000,EUR,81.372,PERC,,TWEM,TWEM,TRADEWEB,1,D2C,MTF,DBFTFB,'3605471250803067796
2022-06-14 09:19:37.806000,FR0014002WK3,Corporate bond,DIRECTION GENERALE DU TRESOR,0,2031-11-25,33200000,EUR,81.472,PERC,FULV SIZE TPAC,TWEM,TWEM,TRADEWEB,1,D2C,MTF,DBFTFB,'7208383938048295231
2022-06-14 05:03:22.000000,FR0014002WK3,Corporate bond,DIRECTION GENERALE DU TRESOR,0,2031-11-25,203699953,EUR,83.558443,PERC,IDAF,TWEM,TWEM,TRADEWEB,6,D2C,MTF,DBFTFB,'7208350952699462251
2022-06-13 15:26:25.192000,FR0014002WK3,Corporate bond,DIRECTION GENERALE DU TRESOR,0,2031-11-25,170000,EUR,81.665,PERC,,TWEM,TWEM,TRADEWEB,1,D2C,MTF,DBFTFB,'3605470151291445213
2022-06-13 15:13:23.013000,FR0014002WK3,Corporate bond,DIRECTION GENERALE DU TRESOR,0,2031-11-25,220000,EUR,81.708,PERC,,TWEM,TWEM,TRADEWEB,1,D2C,MTF,DBFTFB,'3605470151291444818
2022-06-13 15:06:36.531000,FR0014002WK3,Corporate bond,DIRECTION GENERALE DU TRESOR,0,2031-11-25,152000,EUR,81.718,PERC,,TWEM,TWEM,TRADEWEB,1,D2C,MTF,DBFTFB,'3605470151291444582
2022-06-13 12:46:42.581000,FR0014002WK3,Corporate bond,DIRECTION GENERALE DU TRESOR,0,2031-11-25,1200000,EUR,82.037,PERC,,TWEM,TWEM,TRADEWEB,1,D2C,MTF,DBFTFB,'3605470151291442002
2022-06-13 12:05:08.079000,FR0014002WK3,Corporate bond,DIRECTION GENERALE DU TRESOR,0,2031-11-25,100000,EUR,81.834,PERC,,TWEM,TWEM,TRADEWEB,1,D2C,MTF,DBFTFB,'3605470151291441533
2022-06-13 11:04:49.733000,FR0014002WK3,Corporate bond,DIRECTION GENERALE DU TRESOR,0,2031-11-25,47000,EUR,82.059,PERC,,TWEM,TWEM,TRADEWEB,1,D2C,MTF,DBFTFB,'3605470151291440720
2022-06-13 10:56:38.325000,FR0014002WK3,Corporate bond,DIRECTION GENERALE DU TRESOR,0,2031-11-25,1000000,EUR,82.141,PERC,,TWEM,TWEM,TRADEWEB,1,D2C,MTF,DBFTFB,'3605470151291440584
2022-06-13 09:30:04.864000,FR0014002WK3,Corporate bond,DIRECTION GENERALE DU TRESOR,0,2031-11-25,1619000,EUR,82.226,PERC,,TWEM,TWEM,TRADEWEB,1,D2C,MTF,DBFTFB,'3605470151291439437
2022-06-13 08:10:14.070000,FR0014002WK3,Corporate bond,DIRECTION GENERALE DU TRESOR,0,2031-11-25,550000,EUR,82.503,PERC,,TWEM,TWEM,TRADEWEB,1,D2C,MTF,DBFTFB,'3605470151291438068
2022-06-10 15:13:19.297000,FR0014002WK3,Corporate bond,DIRECTION GENERALE DU TRESOR,0,2031-11-25,646000,EUR,82.901,PERC,,TWEM,TWEM,TRADEWEB,1,D2C,MTF,DBFTFB,'3605466852756559826
2022-06-10 11:50:45.716000,FR0014002WK3,Corporate bond,DIRECTION GENERALE DU TRESOR,0,2031-11-25,10418,EUR,83.66,PERC,,TWEM,TWEM,TRADEWEB,1,D2C,MTF,DBFTFB,'3605466852756556943
2022-06-10 11:50:45.690000,FR0014002WK3,Corporate bond,DIRECTION GENERALE DU TRESOR,0,2031-11-25,36034,EUR,83.66,PERC,,TWEM,TWEM,TRADEWEB,1,D2C,MTF,DBFTFB,'3605466852756556942
2022-06-09 15:13:56.511000,FR0014002WK3,Corporate bond,DIRECTION GENERALE DU TRESOR,0,2031-11-25,551000,EUR,83.661,PERC,,TWEM,TWEM,TRADEWEB,1,D2C,MTF,DBFTFB,'3605465753244931714
2022-06-09 13:07:04.497000,FR0014002WK3,Corporate bond,DIRECTION GENERALE DU TRESOR,0,2031-11-25,38150,EUR,83.626,PERC,,TWEM,TWEM,TRADEWEB,1,D2C,MTF,DBFTFB,'3605465753244929932
2022-06-09 12:49:56.882000,FR0014002WK3,Corporate bond,DIRECTION GENERALE DU TRESOR,0,2031-11-25,11452,EUR,83.524,PERC,,TWEM,TWEM,TRADEWEB,1,D2C,MTF,DBFTFB,'3605465753244929600
2022-06-09 11:51:19.655000,FR0014002WK3,Corporate bond,DIRECTION GENERALE DU TRESOR,0,2031-11-25,50000,EUR,84.168,PERC,,TWEM,TWEM,TRADEWEB,1,D2C,MTF,DBFTFB,'3605465753244928823
2022-06-09 09:15:05.209000,FR0014002WK3,Corporate bond,DIRECTION GENERALE DU TRESOR,0,2031-11-25,970000,EUR,84.597,PERC,,TWEM,TWEM,TRADEWEB,1,D2C,MTF,DBFTFB,'3605465753244927266
2022-06-09 09:02:25.636000,FR0014002WK3,Corporate bond,DIRECTION GENERALE DU TRESOR,0,2031-11-25,1000000,EUR,84.542,PERC,,TWEM,TWEM,TRADEWEB,1,D2C,MTF,DBFTFB,'3605465753244927187
2022-06-09 08:59:27.836000,FR0014002WK3,Corporate bond,DIRECTION GENERALE DU TRESOR,0,2031-11-25,400000,EUR,84.541,PERC,,TWEM,TWEM,TRADEWEB,1,D2C,MTF,DBFTFB,'3605465753244927167
2022-06-09 07:27:01.157000,FR0014002WK3,Corporate bond,DIRECTION GENERALE DU TRESOR,0,2031-11-25,91000,EUR,84.598,PERC,,TWEM,TWEM,TRADEWEB,1,D2C,MTF,DBFTFB,'3605465753244926225
2022-06-08 15:14:07.480000,FR0014002WK3,Corporate bond,DIRECTION GENERALE DU TRESOR,0,2031-11-25,150000,EUR,84.532,PERC,,TWEM,TWEM,TRADEWEB,1,D2C,MTF,DBFTFB,'3605464653733303699
2022-06-08 14:21:47.951000,FR0014002WK3,Corporate bond,DIRECTION GENERALE DU TRESOR,0,2031-11-25,700000,EUR,84.542,PERC,,TWEM,TWEM,TRADEWEB,1,D2C,MTF,DBFTFB,'3605464653733303122
2022-06-08 13:16:41.794000,FR0014002WK3,Corporate bond,DIRECTION GENERALE DU TRESOR,0,2031-11-25,105660,EUR,84.468,PERC,,TWEM,TWEM,TRADEWEB,1,D2C,MTF,DBFTFB,'3605464653733302391
2022-06-08 13:16:12.697000,FR0014002WK3,Corporate bond,DIRECTION GENERALE DU TRESOR,0,2031-11-25,20231,EUR,84.495,PERC,,TWEM,TWEM,TRADEWEB,1,D2C,MTF,DBFTFB,'3605464653733302387
2022-06-08 12:16:01.964000,FR0014002WK3,Corporate bond,DIRECTION GENERALE DU TRESOR,0,2031-11-25,451,EUR,84.514,PERC,,TWEM,TWEM,TRADEWEB,1,D2C,MTF,DBFTFB,'3605464653733301718
2022-06-08 10:00:04.888000,FR0014002WK3,Corporate bond,DIRECTION GENERALE DU TRESOR,0,2031-11-25,1226000,EUR,84.734,PERC,,TWEM,TWEM,TRADEWEB,1,D2C,MTF,DBFTFB,'3605464653733300590
2022-06-08 08:40:47.196000,FR0014002WK3,Corporate bond,DIRECTION GENERALE DU TRESOR,0,2031-11-25,921000,EUR,84.764,PERC,,TWEM,TWEM,TRADEWEB,1,D2C,MTF,DBFTFB,'3605464653733299478
2022-06-08 08:18:05.191000,FR0014002WK3,Corporate bond,DIRECTION GENERALE DU TRESOR,0,2031-11-25,500000,EUR,84.767,PERC,,TWEM,TWEM,TRADEWEB,1,D2C,MTF,DBFTFB,'3605464653733299204
2022-06-08 07:53:18.825000,FR0014002WK3,Corporate bond,DIRECTION GENERALE DU TRESOR,0,2031-11-25,1000000,EUR,84.819,PERC,,TWEM,TWEM,TRADEWEB,1,D2C,MTF,DBFTFB,'3605464653733298827
2022-06-07 15:17:38.115000,FR0014002WK3,Corporate bond,DIRECTION GENERALE DU TRESOR,0,2031-11-25,200000,EUR,85.074,PERC,,TWEM,TWEM,TRADEWEB,1,D2C,MTF,DBFTFB,'3605463554221676327
2022-06-07 15:15:28.802000,FR0014002WK3,Corporate bond,DIRECTION GENERALE DU TRESOR,0,2031-11-25,285000,EUR,85.102,PERC,,TWEM,TWEM,TRADEWEB,1,D2C,MTF,DBFTFB,'3605463554221676294
2022-06-07 15:13:47.875000,FR0014002WK3,Corporate bond,DIRECTION GENERALE DU TRESOR,0,2031-11-25,200000,EUR,85.092,PERC,,TWEM,TWEM,TRADEWEB,1,D2C,MTF,DBFTFB,'3605463554221676075
2022-06-07 15:08:19.705000,FR0014002WK3,Corporate bond,DIRECTION GENERALE DU TRESOR,0,2031-11-25,100000,EUR,85.103,PERC,,TWEM,TWEM,TRADEWEB,1,D2C,MTF,DBFTFB,'3605463554221675945
2022-06-07 13:05:23.437000,FR0014002WK3,Corporate bond,DIRECTION GENERALE DU TRESOR,0,2031-11-25,10887,EUR,84.897,PERC,,TWEM,TWEM,TRADEWEB,1,D2C,MTF,DBFTFB,'3605463554221674471
2022-06-07 13:04:54.435000,FR0014002WK3,Corporate bond,DIRECTION GENERALE DU TRESOR,0,2031-11-25,69946,EUR,84.897,PERC,,TWEM,TWEM,TRADEWEB,1,D2C,MTF,DBFTFB,'3605463554221674465
2022-06-07 12:32:51.103000,FR0014002WK3,Corporate bond,DIRECTION GENERALE DU TRESOR,0,2031-11-25,50000,EUR,84.789,PERC,,TWEM,TWEM,TRADEWEB,1,D2C,MTF,DBFTFB,'3605463554221674076
2022-06-07 11:03:17.306000,FR0014002WK3,Corporate bond,DIRECTION GENERALE DU TRESOR,0,2031-11-25,1070000,EUR,84.831,PERC,,TWEM,TWEM,TRADEWEB,1,D2C,MTF,DBFTFB,'3605463554221673371
2022-06-07 10:39:21.830000,FR0014002WK3,Corporate bond,DIRECTION GENERALE DU TRESOR,0,2031-11-25,1200000,EUR,84.908,PERC,,TWEM,TWEM,TRADEWEB,1,D2C,MTF,DBFTFB,'3605463554221673146
2022-06-07 10:00:40.583000,FR0014002WK3,Corporate bond,DIRECTION GENERALE DU TRESOR,0,2031-11-25,1200000,EUR,84.933,PERC,,TWEM,TWEM,TRADEWEB,1,D2C,MTF,DBFTFB,'3605463554221672572
2022-06-07 09:56:28.197000,FR0014002WK3,Corporate bond,DIRECTION GENERALE DU TRESOR,0,2031-11-25,1200000,EUR,84.938,PERC,,TWEM,TWEM,TRADEWEB,1,D2C,MTF,DBFTFB,'3605463554221672541
2022-06-07 05:03:54.000000,FR0014002WK3,Corporate bond,DIRECTION GENERALE DU TRESOR,0,2031-11-25,115500000,EUR,85.584997,PERC,IDAF,TWEM,TWEM,TRADEWEB,4,D2C,MTF,DBFTFB,'7208343256118067779
2022-06-06 15:31:26.221000,FR0014002WK3,Corporate bond,DIRECTION GENERALE DU TRESOR,0,2031-11-25,478000,EUR,84.639,PERC,,TWEM,TWEM,TRADEWEB,1,D2C,MTF,DBFTFB,'3605462454710045889
2022-06-06 13:32:51.004000,FR0014002WK3,Corporate bond,DIRECTION GENERALE DU TRESOR,0,2031-11-25,2000000,EUR,85.105,PERC,,TWEM,TWEM,TRADEWEB,1,D2C,MTF,DBFTFB,'3605462454710045173
2022-06-06 12:31:21.086000,FR0014002WK3,Corporate bond,DIRECTION GENERALE DU TRESOR,0,2031-11-25,27920,EUR,85.043,PERC,,TWEM,TWEM,TRADEWEB,1,D2C,MTF,DBFTFB,'3605462454710044743
2022-06-03 12:52:42.489000,FR0014002WK3,Corporate bond,DIRECTION GENERALE DU TRESOR,0,2031-11-25,14748,EUR,84.974,PERC,,TWEM,TWEM,TRADEWEB,1,D2C,MTF,DBFTFB,'3605459156175162462
2022-06-03 12:52:41.506000,FR0014002WK3,Corporate bond,DIRECTION GENERALE DU TRESOR,0,2031-11-25,31853,EUR,84.973,PERC,,TWEM,TWEM,TRADEWEB,1,D2C,MTF,DBFTFB,'3605459156175162461
2022-06-02 13:09:49.250000,FR0014002WK3,Corporate bond,DIRECTION GENERALE DU TRESOR,0,2031-11-25,1080000,EUR,85.618,PERC,,TWEM,TWEM,TRADEWEB,1,D2C,MTF,DBFTFB,'3605458056663533714
2022-06-01 15:38:30.414000,FR0014002WK3,Corporate bond,DIRECTION GENERALE DU TRESOR,0,2031-11-25,282000,EUR,85.829,PERC,,TWEM,TWEM,TRADEWEB,1,D2C,MTF,DBFTFB,'3605456957151910413
2022-06-01 15:14:10.903000,FR0014002WK3,Corporate bond,DIRECTION GENERALE DU TRESOR,0,2031-11-25,40000,EUR,85.915,PERC,,TWEM,TWEM,TRADEWEB,1,D2C,MTF,DBFTFB,'3605456957151910032
2022-06-01 15:14:03.111000,FR0014002WK3,Corporate bond,DIRECTION GENERALE DU TRESOR,0,2031-11-25,190000,EUR,85.903,PERC,,TWEM,TWEM,TRADEWEB,1,D2C,MTF,DBFTFB,'3605456957151909989
2022-06-01 15:13:11.041000,FR0014002WK3,Corporate bond,DIRECTION GENERALE DU TRESOR,0,2031-11-25,34000,EUR,85.879,PERC,,TWEM,TWEM,TRADEWEB,1,D2C,MTF,DBFTFB,'3605456957151909855
2022-06-01 13:08:56.834000,FR0014002WK3,Corporate bond,DIRECTION GENERALE DU TRESOR,0,2031-11-25,8365,EUR,86.36,PERC,,TWEM,TWEM,TRADEWEB,1,D2C,MTF,DBFTFB,'3605456957151908287
2022-06-01 12:59:38.444000,FR0014002WK3,Corporate bond,DIRECTION GENERALE DU TRESOR,0,2031-11-25,36818,EUR,86.323,PERC,,TWEM,TWEM,TRADEWEB,1,D2C,MTF,DBFTFB,'3605456957151908109
2022-06-01 07:27:07.055000,FR0014002WK3,Corporate bond,DIRECTION GENERALE DU TRESOR,0,2031-11-25,838562,EUR,86.069,PERC,,TWEM,TWEM,TRADEWEB,1,D2C,MTF,DBFTFB,'3605456957151904033
2022-06-01 07:26:43.051000,FR0014002WK3,Corporate bond,DIRECTION GENERALE DU TRESOR,0,2031-11-25,149820,EUR,86.085,PERC,,TWEM,TWEM,TRADEWEB,1,D2C,MTF,DBFTFB,'3605456957151904016
2022-05-31 15:30:59.194000,FR0014002WK3,Corporate bond,DIRECTION GENERALE DU TRESOR,0,2031-11-25,41000,EUR,86.27,PERC,,TWEM,TWEM,TRADEWEB,1,D2C,MTF,DBFTFB,'3605455857640285383
2022-05-31 15:18:48.846000,FR0014002WK3,Corporate bond,DIRECTION GENERALE DU TRESOR,0,2031-11-25,11000,EUR,86.277,PERC,,TWEM,TWEM,TRADEWEB,1,D2C,MTF,DBFTFB,'3605455857640284484
2022-05-31 15:15:21.711000,FR0014002WK3,Corporate bond,DIRECTION GENERALE DU TRESOR,0,2031-11-25,3000,EUR,86.236,PERC,,TWEM,TWEM,TRADEWEB,1,D2C,MTF,DBFTFB,'3605455857640283449
2022-05-31 15:15:15.011000,FR0014002WK3,Corporate bond,DIRECTION GENERALE DU TRESOR,0,2031-11-25,641000,EUR,86.227,PERC,,TWEM,TWEM,TRADEWEB,1,D2C,MTF,DBFTFB,'3605455857640283276
2022-05-31 15:15:12.627000,FR0014002WK3,Corporate bond,DIRECTION GENERALE DU TRESOR,0,2031-11-25,21000,EUR,86.265,PERC,,TWEM,TWEM,TRADEWEB,1,D2C,MTF,DBFTFB,'3605455857640283253
2022-05-31 15:14:37.451000,FR0014002WK3,Corporate bond,DIRECTION GENERALE DU TRESOR,0,2031-11-25,569000,EUR,86.195,PERC,,TWEM,TWEM,TRADEWEB,1,D2C,MTF,DBFTFB,'3605455857640282807
2022-05-31 15:14:35.449000,FR0014002WK3,Corporate bond,DIRECTION GENERALE DU TRESOR,0,2031-11-25,130000,EUR,86.194,PERC,,TWEM,TWEM,TRADEWEB,1,D2C,MTF,DBFTFB,'3605455857640282780
2022-05-31 15:13:03.851000,FR0014002WK3,Corporate bond,DIRECTION GENERALE DU TRESOR,0,2031-11-25,60000,EUR,86.218,PERC,,TWEM,TWEM,TRADEWEB,1,D2C,MTF,DBFTFB,'3605455857640282040
2022-05-31 15:07:33.317000,FR0014002WK3,Corporate bond,DIRECTION GENERALE DU TRESOR,0,2031-11-25,10000,EUR,86.135,PERC,,TWEM,TWEM,TRADEWEB,1,D2C,MTF,DBFTFB,'3605455857640281750
2022-05-31 13:36:29.772000,FR0014002WK3,Corporate bond,DIRECTION GENERALE DU TRESOR,0,2031-11-25,1500000,EUR,86.24,PERC,,TWEM,TWEM,TRADEWEB,1,D2C,MTF,DBFTFB,'3605455857640280307
2022-05-31 13:20:01.510000,FR0014002WK3,Corporate bond,DIRECTION GENERALE DU TRESOR,0,2031-11-25,5000000,EUR,86.318,PERC,FULV SIZE TPAC,TWEM,TWEM,TRADEWEB,1,D2C,MTF,DBFTFB,'7208368544885506227
2022-05-31 12:35:58.193000,FR0014002WK3,Corporate bond,DIRECTION GENERALE DU TRESOR,0,2031-11-25,10965,EUR,86.325,PERC,,TWEM,TWEM,TRADEWEB,1,D2C,MTF,DBFTFB,'3605455857640279518
2022-05-31 12:35:44.178000,FR0014002WK3,Corporate bond,DIRECTION GENERALE DU TRESOR,0,2031-11-25,25023,EUR,86.322,PERC,,TWEM,TWEM,TRADEWEB,1,D2C,MTF,DBFTFB,'3605455857640279517
2022-05-31 10:12:58.471000,FR0014002WK3,Corporate bond,DIRECTION GENERALE DU TRESOR,0,2031-11-25,7000,EUR,86.612,PERC,,TWEM,TWEM,TRADEWEB,1,D2C,MTF,DBFTFB,'3605455857640278331
2022-05-31 08:20:15.767000,FR0014002WK3,Corporate bond,DIRECTION GENERALE DU TRESOR,0,2031-11-25,1700000,EUR,86.993,PERC,,TWEM,TWEM,TRADEWEB,1,D2C,MTF,DBFTFB,'3605455857640276797
2022-05-31 05:03:12.000000,FR0014002WK3,Corporate bond,DIRECTION GENERALE DU TRESOR,0,2031-11-25,5435848,EUR,87.473652,PERC,IDAF,TWEM,TWEM,TRADEWEB,2,D2C,MTF,DBFTFB,'7208335559536673251
2022-05-30 15:15:09.338000,FR0014002WK3,Corporate bond,DIRECTION GENERALE DU TRESOR,0,2031-11-25,1580000,EUR,86.932,PERC,,TWEM,TWEM,TRADEWEB,1,D2C,MTF,DBFTFB,'3605454758128653357
2022-05-30 15:15:08.955000,FR0014002WK3,Corporate bond,DIRECTION GENERALE DU TRESOR,0,2031-11-25,110000,EUR,86.927,PERC,,TWEM,TWEM,TRADEWEB,1,D2C,MTF,DBFTFB,'3605454758128653347
2022-05-30 14:32:18.792000,FR0014002WK3,Corporate bond,DIRECTION GENERALE DU TRESOR,0,2031-11-25,245000,EUR,86.762,PERC,,TWEM,TWEM,TRADEWEB,1,D2C,MTF,DBFTFB,'3605454758128652906
2022-05-30 13:43:38.296000,FR0014002WK3,Corporate bond,DIRECTION GENERALE DU TRESOR,0,2031-11-25,36000,EUR,86.751,PERC,,TWEM,TWEM,TRADEWEB,1,D2C,MTF,DBFTFB,'3605454758128652437
2022-05-30 12:42:52.800000,FR0014002WK3,Corporate bond,DIRECTION GENERALE DU TRESOR,0,2031-11-25,10501,EUR,86.851,PERC,,TWEM,TWEM,TRADEWEB,1,D2C,MTF,DBFTFB,'3605454758128651653
2022-05-30 12:42:38.800000,FR0014002WK3,Corporate bond,DIRECTION GENERALE DU TRESOR,0,2031-11-25,21107,EUR,86.852,PERC,,TWEM,TWEM,TRADEWEB,1,D2C,MTF,DBFTFB,'3605454758128651648
2022-05-30 12:12:06.533000,FR0014002WK3,Corporate bond,DIRECTION GENERALE DU TRESOR,0,2031-11-25,840000,EUR,86.892,PERC,,TWEM,TWEM,TRADEWEB,1,D2C,MTF,DBFTFB,'3605454758128651425
2022-05-30 10:34:06.400000,FR0014002WK3,Corporate bond,DIRECTION GENERALE DU TRESOR,0,2031-11-25,70000,EUR,86.935,PERC,,TWEM,TWEM,TRADEWEB,1,D2C,MTF,DBFTFB,'3605454758128650647
2022-05-27 12:54:06.996000,FR0014002WK3,Corporate bond,DIRECTION GENERALE DU TRESOR,0,2031-11-25,7587,EUR,87.708,PERC,,TWEM,TWEM,TRADEWEB,1,D2C,MTF,DBFTFB,'3605451459593768205
2022-05-27 12:53:50.992000,FR0014002WK3,Corporate bond,DIRECTION GENERALE DU TRESOR,0,2031-11-25,36830,EUR,87.714,PERC,,TWEM,TWEM,TRADEWEB,1,D2C,MTF,DBFTFB,'3605451459593768202
2022-05-26 12:46:33.175000,FR0014002WK3,Corporate bond,DIRECTION GENERALE DU TRESOR,0,2031-11-25,24254,EUR,87.507,PERC,,TWEM,TWEM,TRADEWEB,1,D2C,MTF,DBFTFB,'3605450360082139137
2022-05-26 12:46:32.179000,FR0014002WK3,Corporate bond,DIRECTION GENERALE DU TRESOR,0,2031-11-25,34496,EUR,87.511,PERC,,TWEM,TWEM,TRADEWEB,1,D2C,MTF,DBFTFB,'3605450360082139136
2022-05-25 15:14:55.530000,FR0014002WK3,Corporate bond,DIRECTION GENERALE DU TRESOR,0,2031-11-25,60000,EUR,87.59,PERC,,TWEM,TWEM,TRADEWEB,1,D2C,MTF,DBFTFB,'3605449260570515137
2022-05-25 15:14:12.820000,FR0014002WK3,Corporate bond,DIRECTION GENERALE DU TRESOR,0,2031-11-25,850000,EUR,87.586,PERC,,TWEM,TWEM,TRADEWEB,1,D2C,MTF,DBFTFB,'3605449260570515084
2022-05-25 13:28:52.888000,FR0014002WK3,Corporate bond,DIRECTION GENERALE DU TRESOR,0,2031-11-25,19160,EUR,87.743,PERC,,TWEM,TWEM,TRADEWEB,1,D2C,MTF,DBFTFB,'3605449260570513741
2022-05-25 13:28:37.875000,FR0014002WK3,Corporate bond,DIRECTION GENERALE DU TRESOR,0,2031-11-25,35609,EUR,87.735,PERC,,TWEM,TWEM,TRADEWEB,1,D2C,MTF,DBFTFB,'3605449260570513738
2022-05-25 12:52:11.877000,FR0014002WK3,Corporate bond,DIRECTION GENERALE DU TRESOR,0,2031-11-25,155612,EUR,87.7,PERC,,TWEM,TWEM,TRADEWEB,1,D2C,MTF,DBFTFB,'3605449260570513278
2022-05-25 10:55:59.949000,FR0014002WK3,Corporate bond,DIRECTION GENERALE DU TRESOR,0,2031-11-25,1000,EUR,87.634,PERC,,TWEM,TWEM,TRADEWEB,1,D2C,MTF,DBFTFB,'3605449260570512152
2022-05-25 10:55:58.469000,FR0014002WK3,Corporate bond,DIRECTION GENERALE DU TRESOR,0,2031-11-25,2000,EUR,87.618,PERC,,TWEM,TWEM,TRADEWEB,1,D2C,MTF,DBFTFB,'3605449260570512154
2022-05-25 09:40:38.924000,FR0014002WK3,Corporate bond,DIRECTION GENERALE DU TRESOR,0,2031-11-25,120000,EUR,87.687,PERC,TPAC,TWEM,TWEM,TRADEWEB,1,D2C,MTF,DBFTFB,'3605449260570511472
2022-05-25 09:38:39.828000,FR0014002WK3,Corporate bond,DIRECTION GENERALE DU TRESOR,0,2031-11-25,110000,EUR,87.675,PERC,TPAC,TWEM,TWEM,TRADEWEB,1,D2C,MTF,DBFTFB,'3605449260570511455
2022-05-25 09:06:46.921000,FR0014002WK3,Corporate bond,DIRECTION GENERALE DU TRESOR,0,2031-11-25,407000,EUR,87.602,PERC,,TWEM,TWEM,TRADEWEB,1,D2C,MTF,DBFTFB,'3605449260570511049
2022-05-24 15:34:18.125000,FR0014002WK3,Corporate bond,DIRECTION GENERALE DU TRESOR,0,2031-11-25,95000,EUR,87.531,PERC,,TWEM,TWEM,TRADEWEB,1,D2C,MTF,DBFTFB,'3605448161058887031
2022-05-24 15:13:09.700000,FR0014002WK3,Corporate bond,DIRECTION GENERALE DU TRESOR,0,2031-11-25,200000,EUR,87.538,PERC,,TWEM,TWEM,TRADEWEB,1,D2C,MTF,DBFTFB,'3605448161058886620
2022-05-24 15:13:08.788000,FR0014002WK3,Corporate bond,DIRECTION GENERALE DU TRESOR,0,2031-11-25,110000,EUR,87.545,PERC,,TWEM,TWEM,TRADEWEB,1,D2C,MTF,DBFTFB,'3605448161058886646
2022-05-24 13:16:47.819000,FR0014002WK3,Corporate bond,DIRECTION GENERALE DU TRESOR,0,2031-11-25,14000,EUR,87.03,PERC,,TWEM,TWEM,TRADEWEB,1,D2C,MTF,DBFTFB,'3605448161058885298
2022-05-24 12:36:29.521000,FR0014002WK3,Corporate bond,DIRECTION GENERALE DU TRESOR,0,2031-11-25,18835,EUR,86.998,PERC,,TWEM,TWEM,TRADEWEB,1,D2C,MTF,DBFTFB,'3605448161058884823
2022-05-24 12:36:15.432000,FR0014002WK3,Corporate bond,DIRECTION GENERALE DU TRESOR,0,2031-11-25,47736,EUR,86.998,PERC,,TWEM,TWEM,TRADEWEB,1,D2C,MTF,DBFTFB,'3605448161058884821
2022-05-24 09:28:30.651000,FR0014002WK3,Corporate bond,DIRECTION GENERALE DU TRESOR,0,2031-11-25,3000,EUR,87.201,PERC,,TWEM,TWEM,TRADEWEB,1,D2C,MTF,DBFTFB,'3605448161058883238
2022-05-23 15:49:14.650000,FR0014002WK3,Corporate bond,DIRECTION GENERALE DU TRESOR,0,2031-11-25,579000,EUR,87.068,PERC,,TWEM,TWEM,TRADEWEB,1,D2C,MTF,DBFTFB,'3605447061547259386
2022-05-23 14:58:22.591000,FR0014002WK3,Corporate bond,DIRECTION GENERALE DU TRESOR,0,2031-11-25,96000,EUR,87.155,PERC,,TWEM,TWEM,TRADEWEB,1,D2C,MTF,DBFTFB,'3605447061547258736
2022-05-23 12:38:03.804000,FR0014002WK3,Corporate bond,DIRECTION GENERALE DU TRESOR,0,2031-11-25,9537,EUR,87.365,PERC,,TWEM,TWEM,TRADEWEB,1,D2C,MTF,DBFTFB,'3605447061547257183
2022-05-23 12:37:48.799000,FR0014002WK3,Corporate bond,DIRECTION GENERALE DU TRESOR,0,2031-11-25,35604,EUR,87.366,PERC,,TWEM,TWEM,TRADEWEB,1,D2C,MTF,DBFTFB,'3605447061547257175
2022-05-23 10:36:08.107000,FR0014002WK3,Corporate bond,DIRECTION GENERALE DU TRESOR,0,2031-11-25,1000,EUR,87.292,PERC,,TWEM,TWEM,TRADEWEB,1,D2C,MTF,DBFTFB,'3605447061547256043
2022-05-20 15:24:37.047000,FR0014002WK3,Corporate bond,DIRECTION GENERALE DU TRESOR,0,2031-11-25,1384000,EUR,87.609,PERC,,TWEM,TWEM,TRADEWEB,1,D2C,MTF,DBFTFB,'3605443763012376019
2022-05-20 11:11:53.421000,FR0014002WK3,Corporate bond,DIRECTION GENERALE DU TRESOR,0,2031-11-25,56483,EUR,87.441,PERC,,TWEM,TWEM,TRADEWEB,1,D2C,MTF,DBFTFB,'3605443763012373558
2022-05-20 11:11:53.406000,FR0014002WK3,Corporate bond,DIRECTION GENERALE DU TRESOR,0,2031-11-25,34238,EUR,87.439,PERC,,TWEM,TWEM,TRADEWEB,1,D2C,MTF,DBFTFB,'3605443763012373559
2022-05-20 10:38:23.077000,FR0014002WK3,Corporate bond,DIRECTION GENERALE DU TRESOR,0,2031-11-25,1300000,EUR,87.414,PERC,,TWEM,TWEM,TRADEWEB,1,D2C,MTF,DBFTFB,'3605443763012373351
2022-05-20 09:30:05.960000,FR0014002WK3,Corporate bond,DIRECTION GENERALE DU TRESOR,0,2031-11-25,25000,EUR,87.368,PERC,,TWEM,TWEM,TRADEWEB,1,D2C,MTF,DBFTFB,'3605443763012372311
2022-05-20 09:26:16.295000,FR0014002WK3,Corporate bond,DIRECTION GENERALE DU TRESOR,0,2031-11-25,7000,EUR,87.424,PERC,,TWEM,TWEM,TRADEWEB,1,D2C,MTF,DBFTFB,'3605443763012372215
2022-05-20 07:12:52.859000,FR0014002WK3,Corporate bond,DIRECTION GENERALE DU TRESOR,0,2031-11-25,161000,EUR,87.445,PERC,,TWEM,TWEM,TRADEWEB,1,D2C,MTF,DBFTFB,'3605443763012370660
2022-05-19 13:44:06.331000,FR0014002WK3,Corporate bond,DIRECTION GENERALE DU TRESOR,0,2031-11-25,35808,EUR,87.778,PERC,,TWEM,TWEM,TRADEWEB,1,D2C,MTF,DBFTFB,'3605442663500746955
2022-05-19 13:43:52.280000,FR0014002WK3,Corporate bond,DIRECTION GENERALE DU TRESOR,0,2031-11-25,103619,EUR,87.786,PERC,,TWEM,TWEM,TRADEWEB,1,D2C,MTF,DBFTFB,'3605442663500746950
2022-05-19 13:41:42.556000,FR0014002WK3,Corporate bond,DIRECTION GENERALE DU TRESOR,0,2031-11-25,1191000,EUR,87.755,PERC,,TWEM,TWEM,TRADEWEB,1,D2C,MTF,DBFTFB,'3605442663500746916
2022-05-19 10:11:58.519000,FR0014002WK3,Corporate bond,DIRECTION GENERALE DU TRESOR,0,2031-11-25,3000,EUR,87.854,PERC,,TWEM,TWEM,TRADEWEB,1,D2C,MTF,DBFTFB,'3605442663500744841
2022-05-19 09:16:14.606000,FR0014002WK3,Corporate bond,DIRECTION GENERALE DU TRESOR,0,2031-11-25,350000,EUR,87.534,PERC,,TWEM,TWEM,TRADEWEB,1,D2C,MTF,DBFTFB,'3605442663500744254
2022-05-19 07:41:15.580000,FR0014002WK3,Corporate bond,DIRECTION GENERALE DU TRESOR,0,2031-11-25,94552,EUR,87.687,PERC,,TWEM,TWEM,TRADEWEB,1,D2C,MTF,DBFTFB,'3605442663500743174
2022-05-18 15:18:12.620000,FR0014002WK3,Corporate bond,DIRECTION GENERALE DU TRESOR,0,2031-11-25,1542000,EUR,87.212,PERC,,TWEM,TWEM,TRADEWEB,1,D2C,MTF,DBFTFB,'3605441563989120081
2022-05-18 15:16:30.918000,FR0014002WK3,Corporate bond,DIRECTION GENERALE DU TRESOR,0,2031-11-25,1600000,EUR,87.192,PERC,,TWEM,TWEM,TRADEWEB,1,D2C,MTF,DBFTFB,'3605441563989120052
2022-05-18 15:16:27.789000,FR0014002WK3,Corporate bond,DIRECTION GENERALE DU TRESOR,0,2031-11-25,901650,EUR,87.187,PERC,,TWEM,TWEM,TRADEWEB,1,D2C,MTF,DBFTFB,'3605441563989120049
2022-05-18 14:44:45.737000,FR0014002WK3,Corporate bond,DIRECTION GENERALE DU TRESOR,0,2031-11-25,1000000,EUR,87.174,PERC,,TWEM,TWEM,TRADEWEB,1,D2C,MTF,DBFTFB,'3605441563989119492
2022-05-18 12:19:00.124000,FR0014002WK3,Corporate bond,DIRECTION GENERALE DU TRESOR,0,2031-11-25,31000,EUR,86.704,PERC,,TWEM,TWEM,TRADEWEB,1,D2C,MTF,DBFTFB,'3605441563989117739
2022-05-18 12:08:29.014000,FR0014002WK3,Corporate bond,DIRECTION GENERALE DU TRESOR,0,2031-11-25,21362,EUR,86.742,PERC,,TWEM,TWEM,TRADEWEB,1,D2C,MTF,DBFTFB,'3605441563989117635
2022-05-18 12:08:14.011000,FR0014002WK3,Corporate bond,DIRECTION GENERALE DU TRESOR,0,2031-11-25,29785,EUR,86.755,PERC,,TWEM,TWEM,TRADEWEB,1,D2C,MTF,DBFTFB,'3605441563989117633
2022-05-18 11:49:52.531000,FR0014002WK3,Corporate bond,DIRECTION GENERALE DU TRESOR,0,2031-11-25,1250000,EUR,86.722,PERC,,TWEM,TWEM,TRADEWEB,1,D2C,MTF,DBFTFB,'3605441563989117540
2022-05-17 15:17:04.723000,FR0014002WK3,Corporate bond,DIRECTION GENERALE DU TRESOR,0,2031-11-25,1205659,EUR,86.935,PERC,,TWEM,TWEM,TRADEWEB,1,D2C,MTF,DBFTFB,'3605440464477492771
2022-05-17 15:14:04.425000,FR0014002WK3,Corporate bond,DIRECTION GENERALE DU TRESOR,0,2031-11-25,80000,EUR,86.91,PERC,,TWEM,TWEM,TRADEWEB,1,D2C,MTF,DBFTFB,'3605440464477492647
2022-05-17 13:27:26.278000,FR0014002WK3,Corporate bond,DIRECTION GENERALE DU TRESOR,0,2031-11-25,82000,EUR,86.902,PERC,,TWEM,TWEM,TRADEWEB,1,D2C,MTF,DBFTFB,'3605440464477491004
2022-05-17 12:55:12.651000,FR0014002WK3,Corporate bond,DIRECTION GENERALE DU TRESOR,0,2031-11-25,9844,EUR,86.978,PERC,,TWEM,TWEM,TRADEWEB,1,D2C,MTF,DBFTFB,'3605440464477490420
2022-05-17 12:54:56.622000,FR0014002WK3,Corporate bond,DIRECTION GENERALE DU TRESOR,0,2031-11-25,14212,EUR,86.982,PERC,,TWEM,TWEM,TRADEWEB,1,D2C,MTF,DBFTFB,'3605440464477490418
2022-05-17 11:46:10.232000,FR0014002WK3,Corporate bond,DIRECTION GENERALE DU TRESOR,0,2031-11-25,1000,EUR,87.11,PERC,,TWEM,TWEM,TRADEWEB,1,D2C,MTF,DBFTFB,'3605440464477489732
2022-05-17 05:03:34.000000,FR0014002WK3,Corporate bond,DIRECTION GENERALE DU TRESOR,0,2031-11-25,94878000,EUR,87.470143,PERC,IDAF,TWEM,TWEM,TRADEWEB,16,D2C,MTF,DBFTFB,'7208320166373884650
2022-05-16 13:07:14.193000,FR0014002WK3,Corporate bond,DIRECTION GENERALE DU TRESOR,0,2031-11-25,19704,EUR,87.31,PERC,,TWEM,TWEM,TRADEWEB,1,D2C,MTF,DBFTFB,'3605439364965863196
2022-05-16 13:06:59.186000,FR0014002WK3,Corporate bond,DIRECTION GENERALE DU TRESOR,0,2031-11-25,50174,EUR,87.31,PERC,,TWEM,TWEM,TRADEWEB,1,D2C,MTF,DBFTFB,'3605439364965863190
2022-05-16 09:59:02.297000,FR0014002WK3,Corporate bond,DIRECTION GENERALE DU TRESOR,0,2031-11-25,12000,EUR,87.216,PERC,,TWEM,TWEM,TRADEWEB,1,D2C,MTF,DBFTFB,'3605439364965861416
2022-05-16 09:58:56.138000,FR0014002WK3,Corporate bond,DIRECTION GENERALE DU TRESOR,0,2031-11-25,21000,EUR,87.206,PERC,,TWEM,TWEM,TRADEWEB,1,D2C,MTF,DBFTFB,'3605439364965861403
2022-05-16 09:16:00.740000,FR0014002WK3,Corporate bond,DIRECTION GENERALE DU TRESOR,0,2031-11-25,166000,EUR,87.299,PERC,,TWEM,TWEM,TRADEWEB,1,D2C,MTF,DBFTFB,'3605439364965860805
2022-05-13 15:49:28.302000,FR0014002WK3,Corporate bond,DIRECTION GENERALE DU TRESOR,0,2031-11-25,1326000,EUR,87.711,PERC,,TWEM,TWEM,TRADEWEB,1,D2C,MTF,DBFTFB,'3605436066430981958
2022-05-13 15:15:19.808000,FR0014002WK3,Corporate bond,DIRECTION GENERALE DU TRESOR,0,2031-11-25,830000,EUR,87.583,PERC,,TWEM,TWEM,TRADEWEB,1,D2C,MTF,DBFTFB,'3605436066430981643
2022-05-13 15:14:50.639000,FR0014002WK3,Corporate bond,DIRECTION GENERALE DU TRESOR,0,2031-11-25,80000,EUR,87.595,PERC,,TWEM,TWEM,TRADEWEB,1,D2C,MTF,DBFTFB,'3605436066430981544
2022-05-13 14:55:30.048000,FR0014002WK3,Corporate bond,DIRECTION GENERALE DU TRESOR,0,2031-11-25,500000,EUR,87.632,PERC,,TWEM,TWEM,TRADEWEB,1,D2C,MTF,DBFTFB,'3605436066430981079
2022-05-13 12:56:41.193000,FR0014002WK3,Corporate bond,DIRECTION GENERALE DU TRESOR,0,2031-11-25,600000,EUR,87.885,PERC,,TWEM,TWEM,TRADEWEB,1,D2C,MTF,DBFTFB,'3605436066430979988
2022-05-13 12:39:45.396000,FR0014002WK3,Corporate bond,DIRECTION GENERALE DU TRESOR,0,2031-11-25,25426,EUR,88.112,PERC,,TWEM,TWEM,TRADEWEB,1,D2C,MTF,DBFTFB,'3605436066430979810
2022-05-13 12:39:31.385000,FR0014002WK3,Corporate bond,DIRECTION GENERALE DU TRESOR,0,2031-11-25,22234,EUR,88.111,PERC,,TWEM,TWEM,TRADEWEB,1,D2C,MTF,DBFTFB,'3605436066430979805
2022-05-13 11:14:39.953000,FR0014002WK3,Corporate bond,DIRECTION GENERALE DU TRESOR,0,2031-11-25,1500000,EUR,88.036,PERC,,TWEM,TWEM,TRADEWEB,1,D2C,MTF,DBFTFB,'3605436066430978976
2022-05-13 07:34:28.581000,FR0014002WK3,Corporate bond,DIRECTION GENERALE DU TRESOR,0,2031-11-25,1892000,EUR,87.987,PERC,,TWEM,TWEM,TRADEWEB,1,D2C,MTF,DBFTFB,'3605436066430976361
2022-05-12 16:01:26.075000,FR0014002WK3,Corporate bond,DIRECTION GENERALE DU TRESOR,0,2031-11-25,1430000,EUR,88.479,PERC,,TWEM,TWEM,TRADEWEB,1,D2C,MTF,DBFTFB,'3605434966919354793
2022-05-12 15:54:47.010000,FR0014002WK3,Corporate bond,DIRECTION GENERALE DU TRESOR,0,2031-11-25,1430000,EUR,88.448,PERC,,TWEM,TWEM,TRADEWEB,1,D2C,MTF,DBFTFB,'3605434966919354722
2022-05-12 15:21:12.548000,FR0014002WK3,Corporate bond,DIRECTION GENERALE DU TRESOR,0,2031-11-25,1100000,EUR,88.277,PERC,,TWEM,TWEM,TRADEWEB,1,D2C,MTF,DBFTFB,'3605434966919354571
2022-05-12 13:28:36.205000,FR0014002WK3,Corporate bond,DIRECTION GENERALE DU TRESOR,0,2031-11-25,1950000,EUR,88.142,PERC,,TWEM,TWEM,TRADEWEB,1,D2C,MTF,DBFTFB,'3605434966919352917
2022-05-12 12:37:17.857000,FR0014002WK3,Corporate bond,DIRECTION GENERALE DU TRESOR,0,2031-11-25,13099,EUR,88.27,PERC,,TWEM,TWEM,TRADEWEB,1,D2C,MTF,DBFTFB,'3605434966919352157
2022-05-12 12:37:03.779000,FR0014002WK3,Corporate bond,DIRECTION GENERALE DU TRESOR,0,2031-11-25,35356,EUR,88.263,PERC,,TWEM,TWEM,TRADEWEB,1,D2C,MTF,DBFTFB,'3605434966919352156
2022-05-12 12:11:17.587000,FR0014002WK3,Corporate bond,DIRECTION GENERALE DU TRESOR,0,2031-11-25,8000,EUR,88.397,PERC,,TWEM,TWEM,TRADEWEB,1,D2C,MTF,DBFTFB,'3605434966919351792
2022-05-12 11:24:45.058000,FR0014002WK3,Corporate bond,DIRECTION GENERALE DU TRESOR,0,2031-11-25,390000,EUR,88.163,PERC,,TWEM,TWEM,TRADEWEB,1,D2C,MTF,DBFTFB,'3605434966919351271
2022-05-12 10:05:58.345000,FR0014002WK3,Corporate bond,DIRECTION GENERALE DU TRESOR,0,2031-11-25,946000,EUR,88.268,PERC,,TWEM,TWEM,TRADEWEB,1,D2C,MTF,DBFTFB,'3605434966919350370
2022-05-12 09:25:10.663000,FR0014002WK3,Corporate bond,DIRECTION GENERALE DU TRESOR,0,2031-11-25,700000,EUR,88.106,PERC,,TWEM,TWEM,TRADEWEB,1,D2C,MTF,DBFTFB,'3605434966919349974
2022-05-12 09:23:57.290000,FR0014002WK3,Corporate bond,DIRECTION GENERALE DU TRESOR,0,2031-11-25,1539000,EUR,88.075,PERC,,TWEM,TWEM,TRADEWEB,1,D2C,MTF,DBFTFB,'3605434966919349949
2022-05-12 08:54:54.239000,FR0014002WK3,Corporate bond,DIRECTION GENERALE DU TRESOR,0,2031-11-25,1300000,EUR,88.044,PERC,,TWEM,TWEM,TRADEWEB,1,D2C,MTF,DBFTFB,'3605434966919349706
2022-05-12 08:38:34.638000,FR0014002WK3,Corporate bond,DIRECTION GENERALE DU TRESOR,0,2031-11-25,31967,EUR,88.201,PERC,,TWEM,TWEM,TRADEWEB,1,D2C,MTF,DBFTFB,'3605434966919349473
2022-05-12 07:56:58.114000,FR0014002WK3,Corporate bond,DIRECTION GENERALE DU TRESOR,0,2031-11-25,700000,EUR,88.054,PERC,,TWEM,TWEM,TRADEWEB,1,D2C,MTF,DBFTFB,'3605434966919348920
2022-05-12 07:33:53.097000,FR0014002WK3,Corporate bond,DIRECTION GENERALE DU TRESOR,0,2031-11-25,600000,EUR,88.034,PERC,,TWEM,TWEM,TRADEWEB,1,D2C,MTF,DBFTFB,'3605434966919348613
