Historical Rts2 Post Trade Microsecond,Historical Rts2 Instrument Identification Code,Bond Type Bond Type Desc,Instruments New Issuer Name,Instruments New Bond Fixed Rate,Instruments New Bond Maturity Date,Historical Rts2 Notional Amount,Historical Rts2 Notional Currency,Historical Rts2 Price,Historical Rts2 Price Notation,Historical Rts2 Flag List,Historical Rts2 Venue of Execution,Historical Rts2 Venue of Publication,Mifid Entities Commercial Name,Historical Rts2 Transaction Count,Mifid Entities Platform Type,Mifid Entities Trading Venue Types,Instruments New Cfi,Historical Rts2 Transaction Identification Code
2022-07-20 15:42:23.168000,FR0014007L00,Corporate bond,DIRECTION GENERALE DU TRESOR,0,2032-05-25,300000,EUR,84.33,PERC,,BTFE,BTFE,BLOOMBERG,1,D2C,MTF,DBFTFB,01d7fe51-13ca-47df-a7ed-66a156bbb4b6
2022-07-20 10:59:22.410000,FR0014007L00,Corporate bond,DIRECTION GENERALE DU TRESOR,0,2032-05-25,1000000,EUR,84.797,PERC,,BTFE,BTFE,BLOOMBERG,1,D2C,MTF,DBFTFB,de5f7ed2-8f7d-4d04-b0f7-d6f296a64c0c
2022-07-20 10:53:59.215000,FR0014007L00,Corporate bond,DIRECTION GENERALE DU TRESOR,0,2032-05-25,25870,EUR,84.848,PERC,,BTFE,BTFE,BLOOMBERG,1,D2C,MTF,DBFTFB,dafb6704-e55b-4331-9c0e-325d80292ad5
2022-07-20 10:03:19.058000,FR0014007L00,Corporate bond,DIRECTION GENERALE DU TRESOR,0,2032-05-25,1000000,EUR,84.706,PERC,,BTFE,BTFE,BLOOMBERG,1,D2C,MTF,DBFTFB,975c9075-3fc0-4e1c-b967-c0237b431787
2022-07-20 09:10:58.684000,FR0014007L00,Corporate bond,DIRECTION GENERALE DU TRESOR,0,2032-05-25,200000,EUR,84.642,PERC,,BTFE,BTFE,BLOOMBERG,1,D2C,MTF,DBFTFB,5b92ad1e-e65d-43cd-abf7-9442bf85452b
2022-07-19 15:16:29.933000,FR0014007L00,Corporate bond,DIRECTION GENERALE DU TRESOR,0,2032-05-25,500000,EUR,84.277,PERC,,BTFE,BTFE,BLOOMBERG,1,D2C,MTF,DBFTFB,dddc6a06-afef-47b7-b0bd-f6affdc0cc13
2022-07-19 14:29:16.659000,FR0014007L00,Corporate bond,DIRECTION GENERALE DU TRESOR,0,2032-05-25,6000,EUR,83.998,PERC,,BTFE,BTFE,BLOOMBERG,1,D2C,MTF,DBFTFB,3ae244ed-61a4-4e5e-8a84-5ffd7c46cccd
2022-07-19 11:58:01.380000,FR0014007L00,Corporate bond,DIRECTION GENERALE DU TRESOR,0,2032-05-25,5000,EUR,84.468,PERC,,BTFE,BTFE,BLOOMBERG,1,D2C,MTF,DBFTFB,92a6102c-f28e-4c21-8626-b978ecb17313
2022-07-19 11:27:17.393000,FR0014007L00,Corporate bond,DIRECTION GENERALE DU TRESOR,0,2032-05-25,220000,EUR,84.486,PERC,,BTFE,BTFE,BLOOMBERG,1,D2C,MTF,DBFTFB,cd09286c-4410-4fdb-9cec-57c945a94734
2022-07-19 09:17:49.697000,FR0014007L00,Corporate bond,DIRECTION GENERALE DU TRESOR,0,2032-05-25,2000000,EUR,84.495,PERC,,BTFE,BTFE,BLOOMBERG,1,D2C,MTF,DBFTFB,ba705108-62cc-41ba-a4ff-c2e39f2148aa
2022-07-19 09:16:43.886000,FR0014007L00,Corporate bond,DIRECTION GENERALE DU TRESOR,0,2032-05-25,2000000,EUR,84.502,PERC,,BTFE,BTFE,BLOOMBERG,1,D2C,MTF,DBFTFB,00ef5247-ec77-48d8-9f2f-7867620c93a3
2022-07-19 09:12:07.500000,FR0014007L00,Corporate bond,DIRECTION GENERALE DU TRESOR,0,2032-05-25,2000000,EUR,84.469,PERC,,BTFE,BTFE,BLOOMBERG,1,D2C,MTF,DBFTFB,1f212cb8-971f-4fbf-9ad9-7ecc9cb8faa4
2022-07-19 09:10:55.780000,FR0014007L00,Corporate bond,DIRECTION GENERALE DU TRESOR,0,2032-05-25,2000000,EUR,84.416,PERC,,BTFE,BTFE,BLOOMBERG,1,D2C,MTF,DBFTFB,eda5b94c-abed-4046-afd9-da8825661a75
2022-07-19 08:40:35.292000,FR0014007L00,Corporate bond,DIRECTION GENERALE DU TRESOR,0,2032-05-25,700000,EUR,84.416,PERC,,BTFE,BTFE,BLOOMBERG,1,D2C,MTF,DBFTFB,262a45d4-bfac-4921-8908-a243bc38a8f5
2022-07-19 08:33:01.167000,FR0014007L00,Corporate bond,DIRECTION GENERALE DU TRESOR,0,2032-05-25,500000,EUR,84.317,PERC,,BTFE,BTFE,BLOOMBERG,1,D2C,MTF,DBFTFB,be8c98b9-750f-4b3f-ae46-944bc927e559
2022-07-19 08:21:45.626000,FR0014007L00,Corporate bond,DIRECTION GENERALE DU TRESOR,0,2032-05-25,800000,EUR,84.135,PERC,,BTFE,BTFE,BLOOMBERG,1,D2C,MTF,DBFTFB,73519535-4efb-4b0c-979a-a94b3e6f8363
2022-07-19 07:59:16.136000,FR0014007L00,Corporate bond,DIRECTION GENERALE DU TRESOR,0,2032-05-25,2000000,EUR,84.267,PERC,,BTFE,BTFE,BLOOMBERG,1,D2C,MTF,DBFTFB,a922d5d1-9a7a-4047-83d0-fa7f947bf1df
2022-07-19 07:59:00.600000,FR0014007L00,Corporate bond,DIRECTION GENERALE DU TRESOR,0,2032-05-25,2000000,EUR,84.261,PERC,,BTFE,BTFE,BLOOMBERG,1,D2C,MTF,DBFTFB,9940187d-7bd5-4a00-bf1e-1bab16d947fb
2022-07-19 06:45:35.045357,FR0014007L00,Corporate bond,DIRECTION GENERALE DU TRESOR,0,2032-05-25,181376000,EUR,84.756778,PERC,IDAF SIZE,BTFE,BTFE,BLOOMBERG,13,D2C,MTF,DBFTFB,
2022-07-18 15:32:16.689000,FR0014007L00,Corporate bond,DIRECTION GENERALE DU TRESOR,0,2032-05-25,1000000,EUR,84.506,PERC,,BTFE,BTFE,BLOOMBERG,1,D2C,MTF,DBFTFB,85499d77-9c4b-4e95-a423-dfeed85f1a1e
2022-07-18 15:14:53.981000,FR0014007L00,Corporate bond,DIRECTION GENERALE DU TRESOR,0,2032-05-25,310000,EUR,84.485,PERC,,BTFE,BTFE,BLOOMBERG,1,D2C,MTF,DBFTFB,ef2006f5-40e6-47c5-ab77-c739e4a5871d
2022-07-18 13:12:27.048000,FR0014007L00,Corporate bond,DIRECTION GENERALE DU TRESOR,0,2032-05-25,1800000,EUR,84.471,PERC,,BTFE,BTFE,BLOOMBERG,1,D2C,MTF,DBFTFB,fabb9681-a7dd-4469-8dba-03586f56e4ec
2022-07-18 13:11:54.637000,FR0014007L00,Corporate bond,DIRECTION GENERALE DU TRESOR,0,2032-05-25,1800000,EUR,84.456,PERC,,BTFE,BTFE,BLOOMBERG,1,D2C,MTF,DBFTFB,a46c9dfa-4584-4b1b-985e-6ed49a191267
2022-07-18 11:21:15.036000,FR0014007L00,Corporate bond,DIRECTION GENERALE DU TRESOR,0,2032-05-25,1000000,EUR,84.393,PERC,,BTFE,BTFE,BLOOMBERG,1,D2C,MTF,DBFTFB,1195312f-d036-4f6c-9851-6baee0785f33
2022-07-18 10:57:30.318000,FR0014007L00,Corporate bond,DIRECTION GENERALE DU TRESOR,0,2032-05-25,1200000,EUR,84.35,PERC,,BTFE,BTFE,BLOOMBERG,1,D2C,MTF,DBFTFB,d131835a-81c3-4d1d-9567-5125ce72509f
2022-07-18 10:22:45.515000,FR0014007L00,Corporate bond,DIRECTION GENERALE DU TRESOR,0,2032-05-25,1200000,EUR,84.221,PERC,,BTFE,BTFE,BLOOMBERG,1,D2C,MTF,DBFTFB,61fb0130-0e41-4d3c-a497-1b5dbc180b98
2022-07-18 09:57:40.993000,FR0014007L00,Corporate bond,DIRECTION GENERALE DU TRESOR,0,2032-05-25,2000000,EUR,84.182,PERC,,BTFE,BTFE,BLOOMBERG,1,D2C,MTF,DBFTFB,1a045760-afa9-4205-a879-09468b35dfdb
2022-07-18 09:49:35.158000,FR0014007L00,Corporate bond,DIRECTION GENERALE DU TRESOR,0,2032-05-25,2000000,EUR,84.163,PERC,,BTFE,BTFE,BLOOMBERG,1,D2C,MTF,DBFTFB,4bcf1b96-901c-49ac-a3dc-8f417e5a6a55
2022-07-18 09:45:21.146000,FR0014007L00,Corporate bond,DIRECTION GENERALE DU TRESOR,0,2032-05-25,8000,EUR,84.245,PERC,,BTFE,BTFE,BLOOMBERG,1,D2C,MTF,DBFTFB,4d7819d2-a2bd-441f-9d63-ce41cc466b5b
2022-07-18 09:39:09.226000,FR0014007L00,Corporate bond,DIRECTION GENERALE DU TRESOR,0,2032-05-25,2000000,EUR,84.34,PERC,,BTFE,BTFE,BLOOMBERG,1,D2C,MTF,DBFTFB,039ca6e6-1189-4073-94b1-ee06b47f1a34
2022-07-18 09:37:34.775000,FR0014007L00,Corporate bond,DIRECTION GENERALE DU TRESOR,0,2032-05-25,2000000,EUR,84.358,PERC,,BTFE,BTFE,BLOOMBERG,1,D2C,MTF,DBFTFB,36c03f91-141f-4600-adc4-cc81d52a5639
2022-07-18 09:22:12.077000,FR0014007L00,Corporate bond,DIRECTION GENERALE DU TRESOR,0,2032-05-25,1000000,EUR,84.273,PERC,,BTFE,BTFE,BLOOMBERG,1,D2C,MTF,DBFTFB,86bd192b-6764-465e-93a5-2878fcf4efcd
2022-07-15 13:26:58.359000,FR0014007L00,Corporate bond,DIRECTION GENERALE DU TRESOR,0,2032-05-25,300000,EUR,84.784,PERC,,BTFE,BTFE,BLOOMBERG,1,D2C,MTF,DBFTFB,832e5af3-9103-4bc0-892a-8b174d1055ce
2022-07-15 13:23:37.136000,FR0014007L00,Corporate bond,DIRECTION GENERALE DU TRESOR,0,2032-05-25,16000,EUR,84.672,PERC,,BTFE,BTFE,BLOOMBERG,1,D2C,MTF,DBFTFB,08cd5298-43cb-425d-8cc3-2b304b4e5fa0
2022-07-15 12:15:58.243000,FR0014007L00,Corporate bond,DIRECTION GENERALE DU TRESOR,0,2032-05-25,14717,EUR,84.896,PERC,,BTFE,BTFE,BLOOMBERG,1,D2C,MTF,DBFTFB,f62a9229-391f-4f01-a4d2-8d48e639ddc4
2022-07-15 12:09:06.658000,FR0014007L00,Corporate bond,DIRECTION GENERALE DU TRESOR,0,2032-05-25,590000,EUR,84.855,PERC,,BTFE,BTFE,BLOOMBERG,1,D2C,MTF,DBFTFB,13791efb-9792-4b46-addc-5d57a7c5dd98
2022-07-15 12:03:21.208000,FR0014007L00,Corporate bond,DIRECTION GENERALE DU TRESOR,0,2032-05-25,2000000,EUR,84.842,PERC,,BTFE,BTFE,BLOOMBERG,1,D2C,MTF,DBFTFB,384b4c4c-c68d-43df-8c72-bbc35ae04921
2022-07-15 12:02:14.509000,FR0014007L00,Corporate bond,DIRECTION GENERALE DU TRESOR,0,2032-05-25,2000000,EUR,84.847,PERC,,BTFE,BTFE,BLOOMBERG,1,D2C,MTF,DBFTFB,08ec4dde-c060-4c0a-a758-ba2203abee19
2022-07-15 11:36:35.406000,FR0014007L00,Corporate bond,DIRECTION GENERALE DU TRESOR,0,2032-05-25,300000,EUR,84.793,PERC,,BTFE,BTFE,BLOOMBERG,1,D2C,MTF,DBFTFB,76a94526-e3f5-406f-a1f7-4b7a11ae7267
2022-07-15 10:42:02.492000,FR0014007L00,Corporate bond,DIRECTION GENERALE DU TRESOR,0,2032-05-25,149,EUR,84.933,PERC,,BTFE,BTFE,BLOOMBERG,1,D2C,MTF,DBFTFB,9ead83ba-f54e-4d5e-9ba3-55309ed2c0d7
2022-07-15 07:13:24.356000,FR0014007L00,Corporate bond,DIRECTION GENERALE DU TRESOR,0,2032-05-25,2000000,EUR,85.297,PERC,,BTFE,BTFE,BLOOMBERG,1,D2C,MTF,DBFTFB,bc6f45e0-153e-4bd3-b0a8-d8bfb41488b6
2022-07-15 07:11:51.272000,FR0014007L00,Corporate bond,DIRECTION GENERALE DU TRESOR,0,2032-05-25,2000000,EUR,85.357,PERC,,BTFE,BTFE,BLOOMBERG,1,D2C,MTF,DBFTFB,eb0e23f1-cabc-45b7-9a9f-fd408227d1c3
2022-07-14 15:15:15.312000,FR0014007L00,Corporate bond,DIRECTION GENERALE DU TRESOR,0,2032-05-25,10000,EUR,84.557,PERC,,BTFE,BTFE,BLOOMBERG,1,D2C,MTF,DBFTFB,e94eedde-3e36-4e16-9405-90d4a090a79c
2022-07-14 14:54:46.009000,FR0014007L00,Corporate bond,DIRECTION GENERALE DU TRESOR,0,2032-05-25,7000,EUR,84.404,PERC,,BTFE,BTFE,BLOOMBERG,1,D2C,MTF,DBFTFB,bf070f37-1a65-44cb-bb53-35fa65f4105c
2022-07-14 13:39:13.678000,FR0014007L00,Corporate bond,DIRECTION GENERALE DU TRESOR,0,2032-05-25,500000,EUR,84.257,PERC,,BTFE,BTFE,BLOOMBERG,1,D2C,MTF,DBFTFB,f8b2d21a-2fe5-46ee-a84a-78f01e9f5beb
2022-07-14 12:37:54.084000,FR0014007L00,Corporate bond,DIRECTION GENERALE DU TRESOR,0,2032-05-25,2000000,EUR,84.351,PERC,,BTFE,BTFE,BLOOMBERG,1,D2C,MTF,DBFTFB,00f248e1-b6b5-4c55-82a1-015d632e54b8
2022-07-14 12:37:15.582000,FR0014007L00,Corporate bond,DIRECTION GENERALE DU TRESOR,0,2032-05-25,2000000,EUR,84.399,PERC,,BTFE,BTFE,BLOOMBERG,1,D2C,MTF,DBFTFB,a200eee3-eed6-49f1-8101-ac3fd0eb6601
2022-07-14 12:27:55.061000,FR0014007L00,Corporate bond,DIRECTION GENERALE DU TRESOR,0,2032-05-25,2000000,EUR,84.364,PERC,,BTFE,BTFE,BLOOMBERG,1,D2C,MTF,DBFTFB,7425d9df-8a7d-47c4-9e86-cb0ccc2fdc47
2022-07-14 12:24:59.314000,FR0014007L00,Corporate bond,DIRECTION GENERALE DU TRESOR,0,2032-05-25,2000000,EUR,84.394,PERC,,BTFE,BTFE,BLOOMBERG,1,D2C,MTF,DBFTFB,c1a81e43-9771-4e1b-8295-a3283f19a5ad
2022-07-14 12:08:31.665000,FR0014007L00,Corporate bond,DIRECTION GENERALE DU TRESOR,0,2032-05-25,2000000,EUR,84.505,PERC,,BTFE,BTFE,BLOOMBERG,1,D2C,MTF,DBFTFB,565ac2e2-ff07-458a-a4a6-7674baae1365
2022-07-14 12:07:55.692000,FR0014007L00,Corporate bond,DIRECTION GENERALE DU TRESOR,0,2032-05-25,2000000,EUR,84.512,PERC,,BTFE,BTFE,BLOOMBERG,1,D2C,MTF,DBFTFB,ea211244-368c-464b-b026-88e35dda6bb8
2022-07-14 11:03:18.059000,FR0014007L00,Corporate bond,DIRECTION GENERALE DU TRESOR,0,2032-05-25,13438,EUR,84.189,PERC,,BTFE,BTFE,BLOOMBERG,1,D2C,MTF,DBFTFB,c5ae7743-dc76-479b-a473-578d1c7a2c44
2022-07-14 10:33:06.559000,FR0014007L00,Corporate bond,DIRECTION GENERALE DU TRESOR,0,2032-05-25,2000000,EUR,84.335,PERC,,BTFE,BTFE,BLOOMBERG,1,D2C,MTF,DBFTFB,92bfc2d6-cfdf-4dd7-bb23-b6423fcce864
2022-07-14 10:31:04.750000,FR0014007L00,Corporate bond,DIRECTION GENERALE DU TRESOR,0,2032-05-25,2000000,EUR,84.337,PERC,,BTFE,BTFE,BLOOMBERG,1,D2C,MTF,DBFTFB,48c16626-6afe-4f28-91c4-b340f679dabb
2022-07-14 10:28:16.066000,FR0014007L00,Corporate bond,DIRECTION GENERALE DU TRESOR,0,2032-05-25,108956,EUR,84.392,PERC,,BTFE,BTFE,BLOOMBERG,1,D2C,MTF,DBFTFB,abb6a3e1-45f3-43dd-a3eb-d34cb07f3b41
2022-07-14 10:06:18.940000,FR0014007L00,Corporate bond,DIRECTION GENERALE DU TRESOR,0,2032-05-25,1673,EUR,84.304,PERC,,BTFE,BTFE,BLOOMBERG,1,D2C,MTF,DBFTFB,4aecbf9d-218b-45e5-ae2d-089ff9d497e3
2022-07-14 09:38:13.603000,FR0014007L00,Corporate bond,DIRECTION GENERALE DU TRESOR,0,2032-05-25,315000,EUR,84.199,PERC,,BTFE,BTFE,BLOOMBERG,1,D2C,MTF,DBFTFB,7ea2a259-d04e-4e9f-aef0-031fecef62d6
2022-07-14 09:26:02.069000,FR0014007L00,Corporate bond,DIRECTION GENERALE DU TRESOR,0,2032-05-25,2000000,EUR,84.192,PERC,,BTFE,BTFE,BLOOMBERG,1,D2C,MTF,DBFTFB,84b9cf61-5fca-4c03-b577-9faa77f25bb2
2022-07-14 09:23:32.325000,FR0014007L00,Corporate bond,DIRECTION GENERALE DU TRESOR,0,2032-05-25,2000000,EUR,84.201,PERC,,BTFE,BTFE,BLOOMBERG,1,D2C,MTF,DBFTFB,6c668750-6bd9-4fde-92ab-9fb47bee5387
2022-07-14 09:04:54.150000,FR0014007L00,Corporate bond,DIRECTION GENERALE DU TRESOR,0,2032-05-25,500000,EUR,84.071,PERC,,BTFE,BTFE,BLOOMBERG,1,D2C,MTF,DBFTFB,f0c6d18b-1711-4ba3-a17d-4e5f682692f4
2022-07-14 08:57:10.031000,FR0014007L00,Corporate bond,DIRECTION GENERALE DU TRESOR,0,2032-05-25,100000,EUR,84.186,PERC,,BTFE,BTFE,BLOOMBERG,1,D2C,MTF,DBFTFB,5bc69e13-5e27-4d15-b03b-3559de2a4ee1
2022-07-14 08:56:35.077000,FR0014007L00,Corporate bond,DIRECTION GENERALE DU TRESOR,0,2032-05-25,2000000,EUR,84.172,PERC,,BTFE,BTFE,BLOOMBERG,1,D2C,MTF,DBFTFB,c43c6b85-2a94-4ea8-b23b-6ac1cd136aa0
2022-07-14 08:53:59.910000,FR0014007L00,Corporate bond,DIRECTION GENERALE DU TRESOR,0,2032-05-25,2000000,EUR,84.154,PERC,,BTFE,BTFE,BLOOMBERG,1,D2C,MTF,DBFTFB,55bf4fd1-63d1-402e-9ac5-0a77487f8b55
2022-07-14 08:50:58.011000,FR0014007L00,Corporate bond,DIRECTION GENERALE DU TRESOR,0,2032-05-25,500000,EUR,84.185,PERC,,BTFE,BTFE,BLOOMBERG,1,D2C,MTF,DBFTFB,f154c909-905f-4b86-8111-ddaaa78f10b2
2022-07-14 08:48:31.007000,FR0014007L00,Corporate bond,DIRECTION GENERALE DU TRESOR,0,2032-05-25,600000,EUR,84.13,PERC,,BTFE,BTFE,BLOOMBERG,1,D2C,MTF,DBFTFB,156d6e6e-1f7a-4733-a4d5-82ba59f377c9
2022-07-14 08:31:19.736000,FR0014007L00,Corporate bond,DIRECTION GENERALE DU TRESOR,0,2032-05-25,32000,EUR,84.123,PERC,,BTFE,BTFE,BLOOMBERG,1,D2C,MTF,DBFTFB,3c39618e-abf5-4793-bfa0-6d142ed576f3
2022-07-14 07:51:09.859000,FR0014007L00,Corporate bond,DIRECTION GENERALE DU TRESOR,0,2032-05-25,2000000,EUR,84.157,PERC,,BTFE,BTFE,BLOOMBERG,1,D2C,MTF,DBFTFB,982d524c-37d1-49a3-9937-ee11c1f6ee46
2022-07-14 07:49:30.950000,FR0014007L00,Corporate bond,DIRECTION GENERALE DU TRESOR,0,2032-05-25,2000000,EUR,84.131,PERC,,BTFE,BTFE,BLOOMBERG,1,D2C,MTF,DBFTFB,213d92bb-2b17-490b-b2d2-b9f752d27192
2022-07-14 07:40:11.003000,FR0014007L00,Corporate bond,DIRECTION GENERALE DU TRESOR,0,2032-05-25,2000000,EUR,84.283,PERC,,BTFE,BTFE,BLOOMBERG,1,D2C,MTF,DBFTFB,efbe2a7f-1df7-444e-87a0-78b04ee8524d
2022-07-14 07:38:49.151000,FR0014007L00,Corporate bond,DIRECTION GENERALE DU TRESOR,0,2032-05-25,2000000,EUR,84.296,PERC,,BTFE,BTFE,BLOOMBERG,1,D2C,MTF,DBFTFB,435085c7-c748-4e07-9402-f389a14c2dc9
2022-07-14 07:17:05.577000,FR0014007L00,Corporate bond,DIRECTION GENERALE DU TRESOR,0,2032-05-25,300000,EUR,84.509,PERC,,BTFE,BTFE,BLOOMBERG,1,D2C,MTF,DBFTFB,b8a6e527-3f46-4ca3-b346-207b673d594e
2022-07-14 07:14:31.723000,FR0014007L00,Corporate bond,DIRECTION GENERALE DU TRESOR,0,2032-05-25,300000,EUR,84.576,PERC,,BTFE,BTFE,BLOOMBERG,1,D2C,MTF,DBFTFB,b927c53a-b7c3-46ea-8767-10bd73e48784
2022-07-14 07:08:34.516000,FR0014007L00,Corporate bond,DIRECTION GENERALE DU TRESOR,0,2032-05-25,1000000,EUR,84.716,PERC,,BTFE,BTFE,BLOOMBERG,1,D2C,MTF,DBFTFB,608bdae3-3bc6-4201-b2f4-99451ede163b
2022-07-13 14:41:49.099000,FR0014007L00,Corporate bond,DIRECTION GENERALE DU TRESOR,0,2032-05-25,200000,EUR,84.952,PERC,,BTFE,BTFE,BLOOMBERG,1,D2C,MTF,DBFTFB,3a2b8d7e-b070-4a6f-b477-9e87f07e9138
2022-07-13 13:20:28.088000,FR0014007L00,Corporate bond,DIRECTION GENERALE DU TRESOR,0,2032-05-25,14460,EUR,84.625,PERC,,BTFE,BTFE,BLOOMBERG,1,D2C,MTF,DBFTFB,ba7101fa-adaf-467b-8914-80a56f78b467
2022-07-13 10:06:00.250000,FR0014007L00,Corporate bond,DIRECTION GENERALE DU TRESOR,0,2032-05-25,1500000,EUR,84.999,PERC,,BTFE,BTFE,BLOOMBERG,1,D2C,MTF,DBFTFB,ffec87b4-cb2b-45b3-bf06-ece9c45a04c1
2022-07-13 10:05:51.946000,FR0014007L00,Corporate bond,DIRECTION GENERALE DU TRESOR,0,2032-05-25,1500000,EUR,84.984,PERC,,BTFE,BTFE,BLOOMBERG,1,D2C,MTF,DBFTFB,528af067-e1e8-4a98-b27b-a8ccd127b886
2022-07-13 10:03:08.048000,FR0014007L00,Corporate bond,DIRECTION GENERALE DU TRESOR,0,2032-05-25,1500000,EUR,84.953,PERC,,BTFE,BTFE,BLOOMBERG,1,D2C,MTF,DBFTFB,7071ac03-1c37-4525-bc57-96a02ba3820d
2022-07-13 10:02:52.025000,FR0014007L00,Corporate bond,DIRECTION GENERALE DU TRESOR,0,2032-05-25,1500000,EUR,84.968,PERC,,BTFE,BTFE,BLOOMBERG,1,D2C,MTF,DBFTFB,863ce119-a79c-4a1f-b3be-b348c5d62121
2022-07-13 09:41:25.914000,FR0014007L00,Corporate bond,DIRECTION GENERALE DU TRESOR,0,2032-05-25,2500000,EUR,84.896,PERC,,BTFE,BTFE,BLOOMBERG,1,D2C,MTF,DBFTFB,a7017940-3a0d-4c9c-97cb-8528ffc1bace
2022-07-13 09:35:40.239000,FR0014007L00,Corporate bond,DIRECTION GENERALE DU TRESOR,0,2032-05-25,2000000,EUR,84.96,PERC,,BTFE,BTFE,BLOOMBERG,1,D2C,MTF,DBFTFB,b325212b-da28-4e7f-87c0-79d901f9ce52
2022-07-13 09:33:25.795000,FR0014007L00,Corporate bond,DIRECTION GENERALE DU TRESOR,0,2032-05-25,2000000,EUR,84.976,PERC,,BTFE,BTFE,BLOOMBERG,1,D2C,MTF,DBFTFB,5acf4e3c-7834-4b5a-b494-976d60636352
2022-07-13 09:28:29.333000,FR0014007L00,Corporate bond,DIRECTION GENERALE DU TRESOR,0,2032-05-25,2000000,EUR,84.908,PERC,,BTFE,BTFE,BLOOMBERG,1,D2C,MTF,DBFTFB,0fd3121a-e6d9-489c-b002-c4e5b9e55971
2022-07-13 09:26:51.013000,FR0014007L00,Corporate bond,DIRECTION GENERALE DU TRESOR,0,2032-05-25,2000000,EUR,84.884,PERC,,BTFE,BTFE,BLOOMBERG,1,D2C,MTF,DBFTFB,fb13992f-6eaf-4d4e-ac6a-9e9960e73cbc
2022-07-13 09:07:13.017000,FR0014007L00,Corporate bond,DIRECTION GENERALE DU TRESOR,0,2032-05-25,2000000,EUR,84.874,PERC,,BTFE,BTFE,BLOOMBERG,1,D2C,MTF,DBFTFB,fad14a0e-bbe6-4f27-9add-2b0dfe836d93
2022-07-13 09:04:50.921000,FR0014007L00,Corporate bond,DIRECTION GENERALE DU TRESOR,0,2032-05-25,2000000,EUR,84.885,PERC,,BTFE,BTFE,BLOOMBERG,1,D2C,MTF,DBFTFB,8c07d856-dc84-4629-8f08-b2754d1f69e4
2022-07-13 09:01:08.289000,FR0014007L00,Corporate bond,DIRECTION GENERALE DU TRESOR,0,2032-05-25,2000000,EUR,84.872,PERC,,BTFE,BTFE,BLOOMBERG,1,D2C,MTF,DBFTFB,d7b6acec-a084-4b41-8673-0b5143d0a4db
2022-07-13 08:57:43.648000,FR0014007L00,Corporate bond,DIRECTION GENERALE DU TRESOR,0,2032-05-25,800000,EUR,84.859,PERC,,BTFE,BTFE,BLOOMBERG,1,D2C,MTF,DBFTFB,4d71d8e1-b863-4cb8-84af-2381a9a7e32d
2022-07-13 08:57:17.902000,FR0014007L00,Corporate bond,DIRECTION GENERALE DU TRESOR,0,2032-05-25,2000000,EUR,84.864,PERC,,BTFE,BTFE,BLOOMBERG,1,D2C,MTF,DBFTFB,83a8d8c0-c57c-4706-8e66-e9eb5bbf1220
2022-07-13 08:51:56.851000,FR0014007L00,Corporate bond,DIRECTION GENERALE DU TRESOR,0,2032-05-25,2000000,EUR,84.944,PERC,,BTFE,BTFE,BLOOMBERG,1,D2C,MTF,DBFTFB,63d830a6-d2c4-4543-8310-953e602326ee
2022-07-13 08:49:36.646000,FR0014007L00,Corporate bond,DIRECTION GENERALE DU TRESOR,0,2032-05-25,1200000,EUR,84.966,PERC,,BTFE,BTFE,BLOOMBERG,1,D2C,MTF,DBFTFB,8ed2183c-52fb-4656-84f0-678c70376869
2022-07-13 08:48:27.010000,FR0014007L00,Corporate bond,DIRECTION GENERALE DU TRESOR,0,2032-05-25,1200000,EUR,84.958,PERC,,BTFE,BTFE,BLOOMBERG,1,D2C,MTF,DBFTFB,4c3a71aa-39f1-48d0-9bef-91a7aee0cd50
2022-07-13 08:45:17.347000,FR0014007L00,Corporate bond,DIRECTION GENERALE DU TRESOR,0,2032-05-25,1200000,EUR,84.944,PERC,,BTFE,BTFE,BLOOMBERG,1,D2C,MTF,DBFTFB,57a69a2e-0ae0-48d2-a4e3-c09ecc6a6f1c
2022-07-13 08:08:05.823000,FR0014007L00,Corporate bond,DIRECTION GENERALE DU TRESOR,0,2032-05-25,2250000,EUR,84.94,PERC,,BTFE,BTFE,BLOOMBERG,1,D2C,MTF,DBFTFB,f94aa9f0-ddcc-45a1-a701-9294fea7c2be
2022-07-12 15:17:00.360000,FR0014007L00,Corporate bond,DIRECTION GENERALE DU TRESOR,0,2032-05-25,5000,EUR,85.265,PERC,,BTFE,BTFE,BLOOMBERG,1,D2C,MTF,DBFTFB,2bd164df-38a4-484f-ae41-a92d612ae790
2022-07-12 15:15:00.778000,FR0014007L00,Corporate bond,DIRECTION GENERALE DU TRESOR,0,2032-05-25,910000,EUR,85.276,PERC,,BTFE,BTFE,BLOOMBERG,1,D2C,MTF,DBFTFB,95e6b718-5fd5-4928-8ee7-8f9a78a6b2b3
2022-07-12 13:47:58.325000,FR0014007L00,Corporate bond,DIRECTION GENERALE DU TRESOR,0,2032-05-25,3000,EUR,85.304,PERC,,BTFE,BTFE,BLOOMBERG,1,D2C,MTF,DBFTFB,69294471-7da9-40dd-9bd7-5b0bff47b08f
2022-07-12 12:24:22.876000,FR0014007L00,Corporate bond,DIRECTION GENERALE DU TRESOR,0,2032-05-25,2000000,EUR,85.079,PERC,,BTFE,BTFE,BLOOMBERG,1,D2C,MTF,DBFTFB,104c3bff-1c92-4ef1-98d4-76a950c2633e
2022-07-12 12:19:38.583000,FR0014007L00,Corporate bond,DIRECTION GENERALE DU TRESOR,0,2032-05-25,2000000,EUR,85.06,PERC,,BTFE,BTFE,BLOOMBERG,1,D2C,MTF,DBFTFB,e5a5cb42-6351-4102-b902-297a3bbc4edb
2022-07-12 11:56:11.885000,FR0014007L00,Corporate bond,DIRECTION GENERALE DU TRESOR,0,2032-05-25,251000,EUR,84.956,PERC,,BTFE,BTFE,BLOOMBERG,1,D2C,MTF,DBFTFB,ed1b1525-b317-42c3-987c-73258d67080f
2022-07-12 10:28:55.236000,FR0014007L00,Corporate bond,DIRECTION GENERALE DU TRESOR,0,2032-05-25,85000,EUR,85.16,PERC,,BTFE,BTFE,BLOOMBERG,1,D2C,MTF,DBFTFB,52734253-3408-4e13-9288-1bab00e1269e
2022-07-12 09:52:12.184000,FR0014007L00,Corporate bond,DIRECTION GENERALE DU TRESOR,0,2032-05-25,450000,EUR,85.233,PERC,,BTFE,BTFE,BLOOMBERG,1,D2C,MTF,DBFTFB,20a21f35-964f-466f-b1ff-d4912cc85848
2022-07-12 09:14:59.058000,FR0014007L00,Corporate bond,DIRECTION GENERALE DU TRESOR,0,2032-05-25,14000,EUR,85.302,PERC,,BTFE,BTFE,BLOOMBERG,1,D2C,MTF,DBFTFB,83e34c16-18d2-43d5-ac1a-fd5021a6bed2
2022-07-12 08:57:34.401000,FR0014007L00,Corporate bond,DIRECTION GENERALE DU TRESOR,0,2032-05-25,14000,EUR,84.987,PERC,,BTFE,BTFE,BLOOMBERG,1,D2C,MTF,DBFTFB,e988a2f7-4c75-40e6-980e-8fb5543c6196
2022-07-12 06:37:07.648253,FR0014007L00,Corporate bond,DIRECTION GENERALE DU TRESOR,0,2032-05-25,55000000,EUR,83.494564,PERC,IDAF LRGS,BTFE,BTFE,BLOOMBERG,7,D2C,MTF,DBFTFB,
2022-07-11 12:33:25.611000,FR0014007L00,Corporate bond,DIRECTION GENERALE DU TRESOR,0,2032-05-25,2000000,EUR,83.821,PERC,,BTFE,BTFE,BLOOMBERG,1,D2C,MTF,DBFTFB,57e0e4ce-07f2-4ecb-b9e4-825c1ceaa5d0
2022-07-11 12:26:16.213000,FR0014007L00,Corporate bond,DIRECTION GENERALE DU TRESOR,0,2032-05-25,2000000,EUR,83.837,PERC,,BTFE,BTFE,BLOOMBERG,1,D2C,MTF,DBFTFB,5c485897-a7b5-4384-b3ba-35aaccdcec54
2022-07-11 10:38:23.652000,FR0014007L00,Corporate bond,DIRECTION GENERALE DU TRESOR,0,2032-05-25,1061,EUR,83.675,PERC,,BTFE,BTFE,BLOOMBERG,1,D2C,MTF,DBFTFB,a60ca039-076b-4f1c-95ca-8c226ddad9c5
2022-07-11 09:44:24.984000,FR0014007L00,Corporate bond,DIRECTION GENERALE DU TRESOR,0,2032-05-25,17000,EUR,83.704,PERC,,BTFE,BTFE,BLOOMBERG,1,D2C,MTF,DBFTFB,3257461d-b2c1-42e5-a14d-2f1f94fcb05a
2022-07-11 09:27:14.895000,FR0014007L00,Corporate bond,DIRECTION GENERALE DU TRESOR,0,2032-05-25,2000000,EUR,83.691,PERC,,BTFE,BTFE,BLOOMBERG,1,D2C,MTF,DBFTFB,da956816-4f20-4031-a237-50e65425fae7
2022-07-11 09:26:04.068000,FR0014007L00,Corporate bond,DIRECTION GENERALE DU TRESOR,0,2032-05-25,2000000,EUR,83.708,PERC,,BTFE,BTFE,BLOOMBERG,1,D2C,MTF,DBFTFB,93ccfbc5-8fb6-4d35-bb76-366c6308d9ef
2022-07-11 08:22:03.180000,FR0014007L00,Corporate bond,DIRECTION GENERALE DU TRESOR,0,2032-05-25,2000000,EUR,83.825,PERC,,BTFE,BTFE,BLOOMBERG,1,D2C,MTF,DBFTFB,361e7397-28a1-43ff-9d12-c8253ced5096
2022-07-11 08:19:40.589000,FR0014007L00,Corporate bond,DIRECTION GENERALE DU TRESOR,0,2032-05-25,2000000,EUR,83.822,PERC,,BTFE,BTFE,BLOOMBERG,1,D2C,MTF,DBFTFB,e6fe2e4b-b787-45b2-a131-bc0b7470483e
2022-07-11 07:41:38.902000,FR0014007L00,Corporate bond,DIRECTION GENERALE DU TRESOR,0,2032-05-25,40000,EUR,83.762,PERC,,BTFE,BTFE,BLOOMBERG,1,D2C,MTF,DBFTFB,da69ed1d-67bc-4541-a504-ff9255d3a0e6
2022-07-11 07:29:45.858000,FR0014007L00,Corporate bond,DIRECTION GENERALE DU TRESOR,0,2032-05-25,75000,EUR,83.707,PERC,,BTFE,BTFE,BLOOMBERG,1,D2C,MTF,DBFTFB,bf3366c2-9315-49ea-8696-7a3201001453
2022-07-08 15:15:06.394000,FR0014007L00,Corporate bond,DIRECTION GENERALE DU TRESOR,0,2032-05-25,50000,EUR,83.371,PERC,,BTFE,BTFE,BLOOMBERG,1,D2C,MTF,DBFTFB,a003a3c2-2480-46d7-8578-b4fd4698ec86
2022-07-08 14:34:44.157000,FR0014007L00,Corporate bond,DIRECTION GENERALE DU TRESOR,0,2032-05-25,9000,EUR,83.567,PERC,,BTFE,BTFE,BLOOMBERG,1,D2C,MTF,DBFTFB,372575bf-de4e-4e16-b8db-1a435c32558a
2022-07-08 14:14:16.183000,FR0014007L00,Corporate bond,DIRECTION GENERALE DU TRESOR,0,2032-05-25,1100000,EUR,83.572,PERC,,BTFE,BTFE,BLOOMBERG,1,D2C,MTF,DBFTFB,c4a37acb-734f-4eb2-93cf-ee59dadf74d4
2022-07-08 14:01:56.634000,FR0014007L00,Corporate bond,DIRECTION GENERALE DU TRESOR,0,2032-05-25,100000,EUR,83.536,PERC,,BTFE,BTFE,BLOOMBERG,1,D2C,MTF,DBFTFB,5bcf8840-f56f-4741-bbab-696804054c1b
2022-07-08 13:34:07.603000,FR0014007L00,Corporate bond,DIRECTION GENERALE DU TRESOR,0,2032-05-25,2000000,EUR,83.563,PERC,,BTFE,BTFE,BLOOMBERG,1,D2C,MTF,DBFTFB,528c8ca1-b024-45c0-a974-0ce224df5f0c
2022-07-08 13:31:28.595000,FR0014007L00,Corporate bond,DIRECTION GENERALE DU TRESOR,0,2032-05-25,2000000,EUR,83.545,PERC,,BTFE,BTFE,BLOOMBERG,1,D2C,MTF,DBFTFB,8b9c14c6-c7f6-40f1-9445-d3e4f4ec9dc8
2022-07-08 13:15:14.064000,FR0014007L00,Corporate bond,DIRECTION GENERALE DU TRESOR,0,2032-05-25,404000,EUR,83.629,PERC,,BTFE,BTFE,BLOOMBERG,1,D2C,MTF,DBFTFB,dcfec4e5-57c3-4bf6-a7d9-fdb05c40696c
2022-07-08 13:11:09.002000,FR0014007L00,Corporate bond,DIRECTION GENERALE DU TRESOR,0,2032-05-25,1436,EUR,83.535,PERC,,BTFE,BTFE,BLOOMBERG,1,D2C,MTF,DBFTFB,6498bc33-6944-44cc-b45f-8913cb3ceb4b
2022-07-08 13:07:25.703000,FR0014007L00,Corporate bond,DIRECTION GENERALE DU TRESOR,0,2032-05-25,2000000,EUR,83.505,PERC,,BTFE,BTFE,BLOOMBERG,1,D2C,MTF,DBFTFB,b03a6ce8-501c-4c77-825e-140e2931d80e
2022-07-08 13:06:47.651000,FR0014007L00,Corporate bond,DIRECTION GENERALE DU TRESOR,0,2032-05-25,2000000,EUR,83.505,PERC,,BTFE,BTFE,BLOOMBERG,1,D2C,MTF,DBFTFB,4eebdcc2-e616-44ab-92b0-300bc23d4da2
2022-07-08 12:12:17.329000,FR0014007L00,Corporate bond,DIRECTION GENERALE DU TRESOR,0,2032-05-25,11781,EUR,83.784,PERC,,BTFE,BTFE,BLOOMBERG,1,D2C,MTF,DBFTFB,3b3e4b76-8ff1-42b6-80d0-4c03667cba36
2022-07-08 11:29:37.989000,FR0014007L00,Corporate bond,DIRECTION GENERALE DU TRESOR,0,2032-05-25,6000,EUR,83.835,PERC,,BTFE,BTFE,BLOOMBERG,1,D2C,MTF,DBFTFB,0b09d0d2-5fd6-4a1e-a386-96c59c88fed4
2022-07-08 11:12:11.073000,FR0014007L00,Corporate bond,DIRECTION GENERALE DU TRESOR,0,2032-05-25,300000,EUR,83.787,PERC,,BTFE,BTFE,BLOOMBERG,1,D2C,MTF,DBFTFB,43d5f284-55ea-4566-818e-8195397241e6
2022-07-08 10:29:18.483000,FR0014007L00,Corporate bond,DIRECTION GENERALE DU TRESOR,0,2032-05-25,2000000,EUR,83.742,PERC,,BTFE,BTFE,BLOOMBERG,1,D2C,MTF,DBFTFB,bc9be812-c62a-4425-9946-251f99ed0224
2022-07-08 10:27:50.758000,FR0014007L00,Corporate bond,DIRECTION GENERALE DU TRESOR,0,2032-05-25,2000000,EUR,83.75,PERC,,BTFE,BTFE,BLOOMBERG,1,D2C,MTF,DBFTFB,e523c78f-7d5f-44e1-8850-fb7167b38baa
2022-07-08 09:35:26.660000,FR0014007L00,Corporate bond,DIRECTION GENERALE DU TRESOR,0,2032-05-25,1250000,EUR,83.796,PERC,,BTFE,BTFE,BLOOMBERG,1,D2C,MTF,DBFTFB,89e995ce-ef8e-494f-b7b5-377fa3198ec8
2022-07-08 09:18:00.779000,FR0014007L00,Corporate bond,DIRECTION GENERALE DU TRESOR,0,2032-05-25,200000,EUR,83.687,PERC,,BTFE,BTFE,BLOOMBERG,1,D2C,MTF,DBFTFB,178af36c-5900-4dab-bad9-e257277e3355
2022-07-07 15:56:49.856000,FR0014007L00,Corporate bond,DIRECTION GENERALE DU TRESOR,0,2032-05-25,2000000,EUR,83.362,PERC,,BTFE,BTFE,BLOOMBERG,1,D2C,MTF,DBFTFB,a4e95d0e-4134-41d7-90e9-39a4bf1a2571
2022-07-07 15:24:37.740000,FR0014007L00,Corporate bond,DIRECTION GENERALE DU TRESOR,0,2032-05-25,10000,EUR,83.534,PERC,,BTFE,BTFE,BLOOMBERG,1,D2C,MTF,DBFTFB,8b072b1c-e004-450a-b388-8cbfa9b5a329
2022-07-07 15:16:13.067000,FR0014007L00,Corporate bond,DIRECTION GENERALE DU TRESOR,0,2032-05-25,20000,EUR,83.584,PERC,,BTFE,BTFE,BLOOMBERG,1,D2C,MTF,DBFTFB,8fbcf9d0-a89b-4f06-a489-913da15fff41
2022-07-07 09:21:02.744000,FR0014007L00,Corporate bond,DIRECTION GENERALE DU TRESOR,0,2032-05-25,2000000,EUR,83.282,PERC,,BTFE,BTFE,BLOOMBERG,1,D2C,MTF,DBFTFB,0d0d009d-5f57-498b-96ac-f2e9778646c7
2022-07-07 09:20:56.463000,FR0014007L00,Corporate bond,DIRECTION GENERALE DU TRESOR,0,2032-05-25,2000000,EUR,83.296,PERC,,BTFE,BTFE,BLOOMBERG,1,D2C,MTF,DBFTFB,f60e0d4b-5ccb-4d37-80e5-5faee18274b6
2022-07-07 09:18:34.459000,FR0014007L00,Corporate bond,DIRECTION GENERALE DU TRESOR,0,2032-05-25,2000000,EUR,83.357,PERC,,BTFE,BTFE,BLOOMBERG,1,D2C,MTF,DBFTFB,c843dff7-13d4-4e8c-b0ae-41dff11a700d
2022-07-07 09:18:21.478000,FR0014007L00,Corporate bond,DIRECTION GENERALE DU TRESOR,0,2032-05-25,2000000,EUR,83.39,PERC,,BTFE,BTFE,BLOOMBERG,1,D2C,MTF,DBFTFB,5d834b5c-95d4-4b4a-a0bd-53e1c9d73a57
2022-07-07 09:16:40.436000,FR0014007L00,Corporate bond,DIRECTION GENERALE DU TRESOR,0,2032-05-25,2000000,EUR,83.415,PERC,,BTFE,BTFE,BLOOMBERG,1,D2C,MTF,DBFTFB,bc1425a2-6439-4620-b61e-a4c54c226580
2022-07-07 09:16:13.833000,FR0014007L00,Corporate bond,DIRECTION GENERALE DU TRESOR,0,2032-05-25,2000000,EUR,83.448,PERC,,BTFE,BTFE,BLOOMBERG,1,D2C,MTF,DBFTFB,eb42bd09-768e-4a9e-8d8d-8e579d4e1865
2022-07-07 09:08:40.698000,FR0014007L00,Corporate bond,DIRECTION GENERALE DU TRESOR,0,2032-05-25,2000000,EUR,83.437,PERC,,BTFE,BTFE,BLOOMBERG,1,D2C,MTF,DBFTFB,b17f4eaf-f314-4134-b4d6-179d47417b16
2022-07-07 09:08:37.677000,FR0014007L00,Corporate bond,DIRECTION GENERALE DU TRESOR,0,2032-05-25,2000000,EUR,83.45,PERC,,BTFE,BTFE,BLOOMBERG,1,D2C,MTF,DBFTFB,4a04a93f-98ab-4413-a877-cca34ea40bdb
2022-07-07 09:07:38.540000,FR0014007L00,Corporate bond,DIRECTION GENERALE DU TRESOR,0,2032-05-25,2000000,EUR,83.444,PERC,,BTFE,BTFE,BLOOMBERG,1,D2C,MTF,DBFTFB,3edb6416-9a97-4146-8f38-1d386105b3a4
2022-07-07 09:07:36.702000,FR0014007L00,Corporate bond,DIRECTION GENERALE DU TRESOR,0,2032-05-25,2000000,EUR,83.452,PERC,,BTFE,BTFE,BLOOMBERG,1,D2C,MTF,DBFTFB,6563aac5-6f54-4800-9939-48d5e0fd335e
2022-07-07 09:05:14.920000,FR0014007L00,Corporate bond,DIRECTION GENERALE DU TRESOR,0,2032-05-25,2000000,EUR,83.409,PERC,,BTFE,BTFE,BLOOMBERG,1,D2C,MTF,DBFTFB,d216f6ce-0085-4f5e-9a3d-d835262c906a
2022-07-07 09:04:54.730000,FR0014007L00,Corporate bond,DIRECTION GENERALE DU TRESOR,0,2032-05-25,2000000,EUR,83.415,PERC,,BTFE,BTFE,BLOOMBERG,1,D2C,MTF,DBFTFB,a12f789a-6e10-43a7-a948-e066210e6ebf
2022-07-07 09:01:04.706000,FR0014007L00,Corporate bond,DIRECTION GENERALE DU TRESOR,0,2032-05-25,2000000,EUR,83.189,PERC,,BTFE,BTFE,BLOOMBERG,1,D2C,MTF,DBFTFB,9d785b13-c73f-4a16-a241-59a58f11f9a0
2022-07-07 09:00:56.396000,FR0014007L00,Corporate bond,DIRECTION GENERALE DU TRESOR,0,2032-05-25,2000000,EUR,83.235,PERC,,BTFE,BTFE,BLOOMBERG,1,D2C,MTF,DBFTFB,d88c23f6-3fcd-4cd1-9878-8e547afa828d
2022-07-07 09:00:31.476000,FR0014007L00,Corporate bond,DIRECTION GENERALE DU TRESOR,0,2032-05-25,2000000,EUR,83.35,PERC,,BTFE,BTFE,BLOOMBERG,1,D2C,MTF,DBFTFB,5ed9425b-0834-49ee-a90c-0d1bb67f255f
2022-07-07 09:00:29.498000,FR0014007L00,Corporate bond,DIRECTION GENERALE DU TRESOR,0,2032-05-25,2000000,EUR,83.314,PERC,,BTFE,BTFE,BLOOMBERG,1,D2C,MTF,DBFTFB,bd711c22-5f96-4954-a6e4-362331677f5d
2022-07-07 08:59:58.793000,FR0014007L00,Corporate bond,DIRECTION GENERALE DU TRESOR,0,2032-05-25,2000000,EUR,83.408,PERC,,BTFE,BTFE,BLOOMBERG,1,D2C,MTF,DBFTFB,c4cfc96a-07be-48ab-b1aa-5da6b79b9251
2022-07-07 08:59:49.192000,FR0014007L00,Corporate bond,DIRECTION GENERALE DU TRESOR,0,2032-05-25,2000000,EUR,83.414,PERC,,BTFE,BTFE,BLOOMBERG,1,D2C,MTF,DBFTFB,2694938f-c9ee-4ce4-994b-de3b835d4cde
2022-07-07 08:59:12.427000,FR0014007L00,Corporate bond,DIRECTION GENERALE DU TRESOR,0,2032-05-25,60175,EUR,83.432,PERC,,BTFE,BTFE,BLOOMBERG,1,D2C,MTF,DBFTFB,0d211b23-6ebc-4225-9b70-c5a0f6f149c6
2022-07-07 08:57:50.313000,FR0014007L00,Corporate bond,DIRECTION GENERALE DU TRESOR,0,2032-05-25,2000000,EUR,83.402,PERC,,BTFE,BTFE,BLOOMBERG,1,D2C,MTF,DBFTFB,035d104b-0c97-4ece-855a-9f9679a7f653
2022-07-07 08:57:43.375000,FR0014007L00,Corporate bond,DIRECTION GENERALE DU TRESOR,0,2032-05-25,2000000,EUR,83.403,PERC,,BTFE,BTFE,BLOOMBERG,1,D2C,MTF,DBFTFB,26f53ca1-8462-4f37-8ab5-924fd3ada9d9
2022-07-07 08:49:08.628000,FR0014007L00,Corporate bond,DIRECTION GENERALE DU TRESOR,0,2032-05-25,2000000,EUR,83.481,PERC,,BTFE,BTFE,BLOOMBERG,1,D2C,MTF,DBFTFB,2a7c8b0e-2cfc-4235-b6cb-15d2a0a10aa9
2022-07-07 08:48:41.147000,FR0014007L00,Corporate bond,DIRECTION GENERALE DU TRESOR,0,2032-05-25,2000000,EUR,83.474,PERC,,BTFE,BTFE,BLOOMBERG,1,D2C,MTF,DBFTFB,92f573de-ed78-403c-b97f-74ac8cc2dcda
2022-07-07 08:46:24.386000,FR0014007L00,Corporate bond,DIRECTION GENERALE DU TRESOR,0,2032-05-25,2000000,EUR,83.455,PERC,,BTFE,BTFE,BLOOMBERG,1,D2C,MTF,DBFTFB,9490e5db-249d-4d4a-8ca0-ac41a8d90297
2022-07-07 08:46:00.398000,FR0014007L00,Corporate bond,DIRECTION GENERALE DU TRESOR,0,2032-05-25,2000000,EUR,83.484,PERC,,BTFE,BTFE,BLOOMBERG,1,D2C,MTF,DBFTFB,ece64929-be51-4a60-9923-e35bede4a2c5
2022-07-07 08:37:25.935000,FR0014007L00,Corporate bond,DIRECTION GENERALE DU TRESOR,0,2032-05-25,2000000,EUR,83.413,PERC,,BTFE,BTFE,BLOOMBERG,1,D2C,MTF,DBFTFB,e7178dd3-2122-4e7a-9638-2bc28b214770
2022-07-07 08:37:16.744000,FR0014007L00,Corporate bond,DIRECTION GENERALE DU TRESOR,0,2032-05-25,2000000,EUR,83.418,PERC,,BTFE,BTFE,BLOOMBERG,1,D2C,MTF,DBFTFB,6d42d00b-1441-4c6c-b5ba-decd40e7d67e
2022-07-07 08:35:55.842000,FR0014007L00,Corporate bond,DIRECTION GENERALE DU TRESOR,0,2032-05-25,2000000,EUR,83.46,PERC,,BTFE,BTFE,BLOOMBERG,1,D2C,MTF,DBFTFB,47560a4d-4927-4ce2-8a3f-709389d058a2
2022-07-07 08:32:03.732000,FR0014007L00,Corporate bond,DIRECTION GENERALE DU TRESOR,0,2032-05-25,2000000,EUR,83.413,PERC,,BTFE,BTFE,BLOOMBERG,1,D2C,MTF,DBFTFB,7e045655-2d30-4227-a81f-84f0afc32a20
2022-07-06 15:26:02.500000,FR0014007L00,Corporate bond,DIRECTION GENERALE DU TRESOR,0,2032-05-25,11000,EUR,84.181,PERC,,BTFE,BTFE,BLOOMBERG,1,D2C,MTF,DBFTFB,46021ed6-70fb-4223-8889-93b86eb38039
2022-07-06 15:14:52.489000,FR0014007L00,Corporate bond,DIRECTION GENERALE DU TRESOR,0,2032-05-25,20290,EUR,84.283,PERC,,BTFE,BTFE,BLOOMBERG,1,D2C,MTF,DBFTFB,74b97ebd-cefc-4a09-8971-4d8124659f37
2022-07-06 14:32:53.412000,FR0014007L00,Corporate bond,DIRECTION GENERALE DU TRESOR,0,2032-05-25,2000000,EUR,84.008,PERC,,BTFE,BTFE,BLOOMBERG,1,D2C,MTF,DBFTFB,32b62205-6516-4520-9308-9ac31d8b085d
2022-07-06 14:32:14.891000,FR0014007L00,Corporate bond,DIRECTION GENERALE DU TRESOR,0,2032-05-25,2000000,EUR,84.036,PERC,,BTFE,BTFE,BLOOMBERG,1,D2C,MTF,DBFTFB,9d060d04-ee71-4cd4-9feb-140e4f78a998
2022-07-06 14:12:10.326000,FR0014007L00,Corporate bond,DIRECTION GENERALE DU TRESOR,0,2032-05-25,50000,EUR,84.148,PERC,,BTFE,BTFE,BLOOMBERG,1,D2C,MTF,DBFTFB,24b60c28-6e12-4f9d-820b-b6fb8349d812
2022-07-06 12:38:33.345000,FR0014007L00,Corporate bond,DIRECTION GENERALE DU TRESOR,0,2032-05-25,2000000,EUR,84.797,PERC,,BTFE,BTFE,BLOOMBERG,1,D2C,MTF,DBFTFB,0448058b-eaaf-49b7-a613-f29912cd0aa1
2022-07-06 12:37:24.540000,FR0014007L00,Corporate bond,DIRECTION GENERALE DU TRESOR,0,2032-05-25,2000000,EUR,84.751,PERC,,BTFE,BTFE,BLOOMBERG,1,D2C,MTF,DBFTFB,ff23ddf4-837f-4238-9412-f880e99aa768
2022-07-06 12:35:19.844000,FR0014007L00,Corporate bond,DIRECTION GENERALE DU TRESOR,0,2032-05-25,100000,EUR,84.58,PERC,,BTFE,BTFE,BLOOMBERG,1,D2C,MTF,DBFTFB,2f2a7ba4-ee61-4b7a-8d7c-904b1b7ecf52
2022-07-06 12:32:28.239000,FR0014007L00,Corporate bond,DIRECTION GENERALE DU TRESOR,0,2032-05-25,2000000,EUR,84.621,PERC,,BTFE,BTFE,BLOOMBERG,1,D2C,MTF,DBFTFB,bc3b581c-19eb-4a27-88f0-8b2710a776b5
2022-07-06 12:32:20.456000,FR0014007L00,Corporate bond,DIRECTION GENERALE DU TRESOR,0,2032-05-25,2000000,EUR,84.616,PERC,,BTFE,BTFE,BLOOMBERG,1,D2C,MTF,DBFTFB,471830d3-553d-4382-b2a4-e6572db61f36
2022-07-06 12:02:31.119000,FR0014007L00,Corporate bond,DIRECTION GENERALE DU TRESOR,0,2032-05-25,2000000,EUR,84.31,PERC,,BTFE,BTFE,BLOOMBERG,1,D2C,MTF,DBFTFB,214d1f37-77d7-4796-a152-1bacf8e830fa
2022-07-06 12:01:45.300000,FR0014007L00,Corporate bond,DIRECTION GENERALE DU TRESOR,0,2032-05-25,2000000,EUR,84.288,PERC,,BTFE,BTFE,BLOOMBERG,1,D2C,MTF,DBFTFB,5508d411-8335-4200-99cd-429588563c8d
2022-07-06 11:57:06.229000,FR0014007L00,Corporate bond,DIRECTION GENERALE DU TRESOR,0,2032-05-25,2000000,EUR,84.212,PERC,,BTFE,BTFE,BLOOMBERG,1,D2C,MTF,DBFTFB,ee9751d6-5ed8-42a9-bad0-16d01ca4eacb
2022-07-06 11:56:58.973000,FR0014007L00,Corporate bond,DIRECTION GENERALE DU TRESOR,0,2032-05-25,2000000,EUR,84.215,PERC,,BTFE,BTFE,BLOOMBERG,1,D2C,MTF,DBFTFB,dc9ac8db-2a7e-4b89-bb10-efd91109187e
2022-07-06 11:34:37.906000,FR0014007L00,Corporate bond,DIRECTION GENERALE DU TRESOR,0,2032-05-25,2000000,EUR,84.078,PERC,,BTFE,BTFE,BLOOMBERG,1,D2C,MTF,DBFTFB,b467f6b5-5c4e-45b7-b038-dfcaff727fe1
2022-07-06 11:34:32.542000,FR0014007L00,Corporate bond,DIRECTION GENERALE DU TRESOR,0,2032-05-25,2000000,EUR,84.069,PERC,,BTFE,BTFE,BLOOMBERG,1,D2C,MTF,DBFTFB,2364f9e9-56e4-49c4-b1db-a5f738d01792
2022-07-06 09:56:11.790000,FR0014007L00,Corporate bond,DIRECTION GENERALE DU TRESOR,0,2032-05-25,1430,EUR,83.884,PERC,,BTFE,BTFE,BLOOMBERG,1,D2C,MTF,DBFTFB,9b902297-4506-4577-8480-a2d23a1c4f00
2022-07-06 09:47:05.262000,FR0014007L00,Corporate bond,DIRECTION GENERALE DU TRESOR,0,2032-05-25,359,EUR,83.956,PERC,,BTFE,BTFE,BLOOMBERG,1,D2C,MTF,DBFTFB,4538d032-1aec-47d9-8dbf-ed9d3ef2b933
2022-07-06 07:52:59.089000,FR0014007L00,Corporate bond,DIRECTION GENERALE DU TRESOR,0,2032-05-25,700000,EUR,83.735,PERC,,BTFE,BTFE,BLOOMBERG,1,D2C,MTF,DBFTFB,101f0070-1ab8-4d6e-8d54-71d42dfd0332
2022-07-05 15:25:53.947000,FR0014007L00,Corporate bond,DIRECTION GENERALE DU TRESOR,0,2032-05-25,7000,EUR,83.836,PERC,,BTFE,BTFE,BLOOMBERG,1,D2C,MTF,DBFTFB,515ad042-65da-4a96-92dc-819494b4bdc6
2022-07-05 15:08:17.510000,FR0014007L00,Corporate bond,DIRECTION GENERALE DU TRESOR,0,2032-05-25,955000,EUR,83.747,PERC,,BTFE,BTFE,BLOOMBERG,1,D2C,MTF,DBFTFB,b6764abf-d5d5-41a8-ab01-681d831d0301
2022-07-05 14:26:30.807000,FR0014007L00,Corporate bond,DIRECTION GENERALE DU TRESOR,0,2032-05-25,1100000,EUR,83.606,PERC,,BTFE,BTFE,BLOOMBERG,1,D2C,MTF,DBFTFB,01543304-e96b-43fb-b9ac-28f1726b038b
2022-07-05 13:17:09.135000,FR0014007L00,Corporate bond,DIRECTION GENERALE DU TRESOR,0,2032-05-25,1000000,EUR,83.631,PERC,,BTFE,BTFE,BLOOMBERG,1,D2C,MTF,DBFTFB,3cf483c3-e8ac-4679-8c46-23ff642b40c0
2022-07-05 12:47:51.639000,FR0014007L00,Corporate bond,DIRECTION GENERALE DU TRESOR,0,2032-05-25,5032,EUR,83.473,PERC,,BTFE,BTFE,BLOOMBERG,1,D2C,MTF,DBFTFB,4c11f467-55aa-4637-a838-e36674edcb22
2022-07-05 12:22:50.457000,FR0014007L00,Corporate bond,DIRECTION GENERALE DU TRESOR,0,2032-05-25,500000,EUR,83.371,PERC,,BTFE,BTFE,BLOOMBERG,1,D2C,MTF,DBFTFB,0cb32e98-8357-4201-9424-71369477e66b
2022-07-05 09:52:53.418000,FR0014007L00,Corporate bond,DIRECTION GENERALE DU TRESOR,0,2032-05-25,1000000,EUR,83.266,PERC,,BTFE,BTFE,BLOOMBERG,1,D2C,MTF,DBFTFB,6dba8383-3ce4-4413-b0cf-a96c2bc84813
2022-07-05 08:25:04.624000,FR0014007L00,Corporate bond,DIRECTION GENERALE DU TRESOR,0,2032-05-25,350000,EUR,83.276,PERC,,BTFE,BTFE,BLOOMBERG,1,D2C,MTF,DBFTFB,083f2571-ec15-4c5c-b39a-b974bed96007
2022-07-05 08:23:16.737000,FR0014007L00,Corporate bond,DIRECTION GENERALE DU TRESOR,0,2032-05-25,350000,EUR,83.226,PERC,,BTFE,BTFE,BLOOMBERG,1,D2C,MTF,DBFTFB,71122dd3-bcbd-4808-b44e-8ca598ec2ee5
2022-07-05 08:15:06.525000,FR0014007L00,Corporate bond,DIRECTION GENERALE DU TRESOR,0,2032-05-25,750000,EUR,83.135,PERC,,BTFE,BTFE,BLOOMBERG,1,D2C,MTF,DBFTFB,908f740e-2749-454c-96a0-466caa81f325
2022-07-05 07:39:57.516000,FR0014007L00,Corporate bond,DIRECTION GENERALE DU TRESOR,0,2032-05-25,200000,EUR,82.735,PERC,,BTFE,BTFE,BLOOMBERG,1,D2C,MTF,DBFTFB,d4d04e1b-2fb9-4e17-a7be-befd7461c37f
2022-07-05 07:11:40.408000,FR0014007L00,Corporate bond,DIRECTION GENERALE DU TRESOR,0,2032-05-25,200000,EUR,82.894,PERC,,BTFE,BTFE,BLOOMBERG,1,D2C,MTF,DBFTFB,7cc68eb7-b191-4d4a-b61e-b57d6e3e910d
2022-07-05 07:09:13.384000,FR0014007L00,Corporate bond,DIRECTION GENERALE DU TRESOR,0,2032-05-25,300000,EUR,82.904,PERC,,BTFE,BTFE,BLOOMBERG,1,D2C,MTF,DBFTFB,ea1b06e3-9885-436a-b04b-9f916ee0e405
2022-07-05 07:07:01.097000,FR0014007L00,Corporate bond,DIRECTION GENERALE DU TRESOR,0,2032-05-25,1000000,EUR,82.957,PERC,,BTFE,BTFE,BLOOMBERG,1,D2C,MTF,DBFTFB,1bf676d5-8d74-4b51-92f6-4a394c1d359b
2022-07-05 06:49:08.445823,FR0014007L00,Corporate bond,DIRECTION GENERALE DU TRESOR,0,2032-05-25,203964000,EUR,81.999205,PERC,IDAF LRGS,BTFE,BTFE,BLOOMBERG,12,D2C,MTF,DBFTFB,
2022-07-04 15:09:26.189000,FR0014007L00,Corporate bond,DIRECTION GENERALE DU TRESOR,0,2032-05-25,13000,EUR,82.831,PERC,,BTFE,BTFE,BLOOMBERG,1,D2C,MTF,DBFTFB,bba842eb-1f6e-4488-9190-4621612b1d7a
2022-07-04 14:32:06.399000,FR0014007L00,Corporate bond,DIRECTION GENERALE DU TRESOR,0,2032-05-25,2000000,EUR,83.016,PERC,,BTFE,BTFE,BLOOMBERG,1,D2C,MTF,DBFTFB,52b97358-aa2d-4d6b-9140-a8c5d0a02742
2022-07-04 13:47:00.947000,FR0014007L00,Corporate bond,DIRECTION GENERALE DU TRESOR,0,2032-05-25,100000,EUR,82.79,PERC,,BTFE,BTFE,BLOOMBERG,1,D2C,MTF,DBFTFB,d0450e50-a830-4df6-91b1-f9ac23a6398c
2022-07-04 13:40:17.087000,FR0014007L00,Corporate bond,DIRECTION GENERALE DU TRESOR,0,2032-05-25,2000000,EUR,82.743,PERC,,BTFE,BTFE,BLOOMBERG,1,D2C,MTF,DBFTFB,0c83a76e-6520-4dea-9935-bb2c27d64c64
2022-07-04 13:40:07.164000,FR0014007L00,Corporate bond,DIRECTION GENERALE DU TRESOR,0,2032-05-25,2000000,EUR,82.757,PERC,,BTFE,BTFE,BLOOMBERG,1,D2C,MTF,DBFTFB,715ef389-3730-40d9-b66c-6fea699ebb4b
2022-07-04 13:16:20.950000,FR0014007L00,Corporate bond,DIRECTION GENERALE DU TRESOR,0,2032-05-25,90000,EUR,82.801,PERC,,BTFE,BTFE,BLOOMBERG,1,D2C,MTF,DBFTFB,16553cab-5811-48b8-a3c0-bc0d3697ebd0
2022-07-04 12:21:45.750000,FR0014007L00,Corporate bond,DIRECTION GENERALE DU TRESOR,0,2032-05-25,4979,EUR,82.894,PERC,,BTFE,BTFE,BLOOMBERG,1,D2C,MTF,DBFTFB,7b6b7d12-152a-4a87-951d-ba7b65e8b928
2022-07-04 10:24:27.127000,FR0014007L00,Corporate bond,DIRECTION GENERALE DU TRESOR,0,2032-05-25,1200000,EUR,83.104,PERC,,BTFE,BTFE,BLOOMBERG,1,D2C,MTF,DBFTFB,ff68f8a9-fccf-429b-8528-da56dbaf1288
2022-07-04 09:53:13.326000,FR0014007L00,Corporate bond,DIRECTION GENERALE DU TRESOR,0,2032-05-25,2000000,EUR,82.971,PERC,,BTFE,BTFE,BLOOMBERG,1,D2C,MTF,DBFTFB,a84f7503-66cb-4189-9125-526517b53d16
2022-07-04 09:51:39.289000,FR0014007L00,Corporate bond,DIRECTION GENERALE DU TRESOR,0,2032-05-25,2000000,EUR,82.966,PERC,,BTFE,BTFE,BLOOMBERG,1,D2C,MTF,DBFTFB,9da877c7-6d21-4b0f-bf84-7b30cea5f85c
2022-07-04 09:49:35.377000,FR0014007L00,Corporate bond,DIRECTION GENERALE DU TRESOR,0,2032-05-25,1000000,EUR,82.917,PERC,,BTFE,BTFE,BLOOMBERG,1,D2C,MTF,DBFTFB,fcaee5b3-6b02-4d37-88e5-91ea28f79fcf
2022-07-04 09:45:55.303000,FR0014007L00,Corporate bond,DIRECTION GENERALE DU TRESOR,0,2032-05-25,500000,EUR,82.942,PERC,,BTFE,BTFE,BLOOMBERG,1,D2C,MTF,DBFTFB,0b84ea50-41e2-4397-90cf-c00b9aa4302e
2022-07-04 09:44:45.979000,FR0014007L00,Corporate bond,DIRECTION GENERALE DU TRESOR,0,2032-05-25,500000,EUR,82.933,PERC,,BTFE,BTFE,BLOOMBERG,1,D2C,MTF,DBFTFB,7f3575cb-ac7b-4282-a507-9610aa1a349d
2022-07-04 09:39:30.231000,FR0014007L00,Corporate bond,DIRECTION GENERALE DU TRESOR,0,2032-05-25,2000000,EUR,82.894,PERC,,BTFE,BTFE,BLOOMBERG,1,D2C,MTF,DBFTFB,29ae2208-b3c7-46f0-878f-3d7e870e6bdd
2022-07-04 09:39:25.015000,FR0014007L00,Corporate bond,DIRECTION GENERALE DU TRESOR,0,2032-05-25,2000000,EUR,82.907,PERC,,BTFE,BTFE,BLOOMBERG,1,D2C,MTF,DBFTFB,e6c045aa-17aa-496f-afe9-220c012f2e3b
2022-07-04 09:36:25.939000,FR0014007L00,Corporate bond,DIRECTION GENERALE DU TRESOR,0,2032-05-25,1000000,EUR,82.929,PERC,,BTFE,BTFE,BLOOMBERG,1,D2C,MTF,DBFTFB,3db47022-4956-426e-8411-a514c1a3c480
2022-07-04 09:19:01.847000,FR0014007L00,Corporate bond,DIRECTION GENERALE DU TRESOR,0,2032-05-25,1500000,EUR,83.064,PERC,,BTFE,BTFE,BLOOMBERG,1,D2C,MTF,DBFTFB,15d01d33-f112-4044-ab95-61adfea94f78
2022-07-04 09:06:42.595000,FR0014007L00,Corporate bond,DIRECTION GENERALE DU TRESOR,0,2032-05-25,2000000,EUR,83.134,PERC,,BTFE,BTFE,BLOOMBERG,1,D2C,MTF,DBFTFB,08c8fdf0-eb1b-47f5-9dc9-0ada8ce91a8c
2022-07-04 09:06:38.714000,FR0014007L00,Corporate bond,DIRECTION GENERALE DU TRESOR,0,2032-05-25,2000000,EUR,83.117,PERC,,BTFE,BTFE,BLOOMBERG,1,D2C,MTF,DBFTFB,109f3bcd-7e5d-40ec-91b9-b56a5f9d98dd
2022-07-04 09:02:17.456000,FR0014007L00,Corporate bond,DIRECTION GENERALE DU TRESOR,0,2032-05-25,2000000,EUR,83.177,PERC,,BTFE,BTFE,BLOOMBERG,1,D2C,MTF,DBFTFB,42e5b485-8789-448e-954d-4ae2d62daab0
2022-07-04 09:01:59.760000,FR0014007L00,Corporate bond,DIRECTION GENERALE DU TRESOR,0,2032-05-25,2000000,EUR,83.188,PERC,,BTFE,BTFE,BLOOMBERG,1,D2C,MTF,DBFTFB,47d6e415-572d-4a36-98e9-8278fa41363e
2022-07-04 08:17:32.977000,FR0014007L00,Corporate bond,DIRECTION GENERALE DU TRESOR,0,2032-05-25,200000,EUR,83.584,PERC,,BTFE,BTFE,BLOOMBERG,1,D2C,MTF,DBFTFB,ed36d5ac-c618-4ba7-863d-0a6c03716ffb
2022-07-04 08:09:48.283000,FR0014007L00,Corporate bond,DIRECTION GENERALE DU TRESOR,0,2032-05-25,300000,EUR,83.521,PERC,,BTFE,BTFE,BLOOMBERG,1,D2C,MTF,DBFTFB,c4a2f817-b7de-47c2-ac4c-1b6a997326d0
2022-07-04 08:08:02.296000,FR0014007L00,Corporate bond,DIRECTION GENERALE DU TRESOR,0,2032-05-25,1000000,EUR,83.485,PERC,,BTFE,BTFE,BLOOMBERG,1,D2C,MTF,DBFTFB,a1bfb3b7-36ae-4f6b-a217-5203992c9d34
2022-07-04 08:06:40.891000,FR0014007L00,Corporate bond,DIRECTION GENERALE DU TRESOR,0,2032-05-25,2000000,EUR,83.47,PERC,,BTFE,BTFE,BLOOMBERG,1,D2C,MTF,DBFTFB,cb39ff13-7be7-4e6a-88d0-01c0f99b452a
2022-07-04 08:06:34.724000,FR0014007L00,Corporate bond,DIRECTION GENERALE DU TRESOR,0,2032-05-25,2000000,EUR,83.463,PERC,,BTFE,BTFE,BLOOMBERG,1,D2C,MTF,DBFTFB,07738d13-bc17-4533-b8c5-5ae722a0d1ed
2022-07-01 15:15:18.850000,FR0014007L00,Corporate bond,DIRECTION GENERALE DU TRESOR,0,2032-05-25,200000,EUR,83.972,PERC,,BTFE,BTFE,BLOOMBERG,1,D2C,MTF,DBFTFB,cf5553e6-b3d7-4d2d-8ce7-7772be5dac0c
2022-07-01 14:51:04.206000,FR0014007L00,Corporate bond,DIRECTION GENERALE DU TRESOR,0,2032-05-25,2500000,EUR,84.136,PERC,,BTFE,BTFE,BLOOMBERG,1,D2C,MTF,DBFTFB,e519e972-68b5-47a2-8841-e1cd934f9b61
2022-07-01 14:49:45.434000,FR0014007L00,Corporate bond,DIRECTION GENERALE DU TRESOR,0,2032-05-25,2500000,EUR,84.213,PERC,,BTFE,BTFE,BLOOMBERG,1,D2C,MTF,DBFTFB,a91bca9b-b5d7-4df7-abfb-060b64c564ef
2022-07-01 14:38:12.290000,FR0014007L00,Corporate bond,DIRECTION GENERALE DU TRESOR,0,2032-05-25,1000000,EUR,84.276,PERC,,BTFE,BTFE,BLOOMBERG,1,D2C,MTF,DBFTFB,4bd2368b-79c4-431d-9597-c044ae48ba86
2022-07-01 14:10:10.443000,FR0014007L00,Corporate bond,DIRECTION GENERALE DU TRESOR,0,2032-05-25,2000000,EUR,84.188,PERC,,BTFE,BTFE,BLOOMBERG,1,D2C,MTF,DBFTFB,2dca6aaf-530a-449e-af46-1a10991a4b5c
2022-07-01 14:10:04.705000,FR0014007L00,Corporate bond,DIRECTION GENERALE DU TRESOR,0,2032-05-25,2000000,EUR,84.167,PERC,,BTFE,BTFE,BLOOMBERG,1,D2C,MTF,DBFTFB,aa0caa9f-f5be-4fae-98fd-a222f2ee5a6c
2022-07-01 13:55:55.279000,FR0014007L00,Corporate bond,DIRECTION GENERALE DU TRESOR,0,2032-05-25,65000,EUR,83.637,PERC,,BTFE,BTFE,BLOOMBERG,1,D2C,MTF,DBFTFB,e4257b4f-ea44-49ac-aa33-8291476101cc
2022-07-01 13:31:00.540000,FR0014007L00,Corporate bond,DIRECTION GENERALE DU TRESOR,0,2032-05-25,34000,EUR,83.656,PERC,,BTFE,BTFE,BLOOMBERG,1,D2C,MTF,DBFTFB,1b0741e8-c972-4c05-b40e-5c7779b03c88
2022-07-01 13:05:54.332000,FR0014007L00,Corporate bond,DIRECTION GENERALE DU TRESOR,0,2032-05-25,37000,EUR,83.643,PERC,,BTFE,BTFE,BLOOMBERG,1,D2C,MTF,DBFTFB,041e5185-3b51-4051-a499-0a8ab0e148dd
2022-07-01 12:55:51.743000,FR0014007L00,Corporate bond,DIRECTION GENERALE DU TRESOR,0,2032-05-25,2000000,EUR,83.506,PERC,,BTFE,BTFE,BLOOMBERG,1,D2C,MTF,DBFTFB,fbe1dc39-76f8-4c43-a08e-60210a858dee
2022-07-01 12:55:10.688000,FR0014007L00,Corporate bond,DIRECTION GENERALE DU TRESOR,0,2032-05-25,2000000,EUR,83.561,PERC,,BTFE,BTFE,BLOOMBERG,1,D2C,MTF,DBFTFB,398ca12e-4de2-4b60-9f59-1b661b25f66f
2022-07-01 12:54:18.528000,FR0014007L00,Corporate bond,DIRECTION GENERALE DU TRESOR,0,2032-05-25,1000000,EUR,83.547,PERC,,BTFE,BTFE,BLOOMBERG,1,D2C,MTF,DBFTFB,20c77000-38f7-48fc-accc-acfe2459a165
2022-07-01 12:54:03.586000,FR0014007L00,Corporate bond,DIRECTION GENERALE DU TRESOR,0,2032-05-25,2000000,EUR,83.534,PERC,,BTFE,BTFE,BLOOMBERG,1,D2C,MTF,DBFTFB,26d143ef-ec43-42e4-90fc-0af58d768b1c
2022-07-01 12:54:00.768000,FR0014007L00,Corporate bond,DIRECTION GENERALE DU TRESOR,0,2032-05-25,1000000,EUR,83.528,PERC,,BTFE,BTFE,BLOOMBERG,1,D2C,MTF,DBFTFB,2318c5bb-584e-41ef-b7da-9aa2f9c78515
2022-07-01 12:41:08.901000,FR0014007L00,Corporate bond,DIRECTION GENERALE DU TRESOR,0,2032-05-25,1500000,EUR,83.379,PERC,,BTFE,BTFE,BLOOMBERG,1,D2C,MTF,DBFTFB,16f508d6-9986-43c4-a1cb-7be1c0256ae6
2022-07-01 12:25:10.054000,FR0014007L00,Corporate bond,DIRECTION GENERALE DU TRESOR,0,2032-05-25,31000,EUR,83.44,PERC,,BTFE,BTFE,BLOOMBERG,1,D2C,MTF,DBFTFB,828515b4-d350-4011-bec6-4a25858c00cf
2022-07-01 11:14:06.482000,FR0014007L00,Corporate bond,DIRECTION GENERALE DU TRESOR,0,2032-05-25,220000,EUR,83.196,PERC,,BTFE,BTFE,BLOOMBERG,1,D2C,MTF,DBFTFB,66af2cce-1ca7-46c7-8d88-cb3410eb4518
2022-07-01 10:04:43.987000,FR0014007L00,Corporate bond,DIRECTION GENERALE DU TRESOR,0,2032-05-25,350000,EUR,82.591,PERC,,BTFE,BTFE,BLOOMBERG,1,D2C,MTF,DBFTFB,36da98f1-4be7-4d9e-ab05-324b6d4c43f3
2022-07-01 09:16:30.362000,FR0014007L00,Corporate bond,DIRECTION GENERALE DU TRESOR,0,2032-05-25,603000,EUR,82.494,PERC,,BTFE,BTFE,BLOOMBERG,1,D2C,MTF,DBFTFB,938939ef-487a-44fe-ae5f-cec76ef2293d
2022-07-01 08:26:03.075000,FR0014007L00,Corporate bond,DIRECTION GENERALE DU TRESOR,0,2032-05-25,2000000,EUR,82.362,PERC,,BTFE,BTFE,BLOOMBERG,1,D2C,MTF,DBFTFB,07a6e64a-d386-48cb-a79b-4922c3c0ef37
2022-07-01 08:23:35.092000,FR0014007L00,Corporate bond,DIRECTION GENERALE DU TRESOR,0,2032-05-25,2000000,EUR,82.369,PERC,,BTFE,BTFE,BLOOMBERG,1,D2C,MTF,DBFTFB,b47004db-a3c5-481c-a701-89dd528d1069
2022-07-01 08:09:36.122000,FR0014007L00,Corporate bond,DIRECTION GENERALE DU TRESOR,0,2032-05-25,13589,EUR,82.391,PERC,,BTFE,BTFE,BLOOMBERG,1,D2C,MTF,DBFTFB,e931e9ee-1aff-41a6-a9d6-69f6688b8282
2022-07-01 07:46:59.179000,FR0014007L00,Corporate bond,DIRECTION GENERALE DU TRESOR,0,2032-05-25,49000,EUR,82.6,PERC,,BTFE,BTFE,BLOOMBERG,1,D2C,MTF,DBFTFB,5702e680-62e6-4e9e-8d59-3b9e65b3072f
2022-07-01 07:34:12.063000,FR0014007L00,Corporate bond,DIRECTION GENERALE DU TRESOR,0,2032-05-25,2000000,EUR,82.746,PERC,,BTFE,BTFE,BLOOMBERG,1,D2C,MTF,DBFTFB,efccf36e-96bb-4965-9f83-eb67866e414a
2022-07-01 07:34:08.287000,FR0014007L00,Corporate bond,DIRECTION GENERALE DU TRESOR,0,2032-05-25,2000000,EUR,82.766,PERC,,BTFE,BTFE,BLOOMBERG,1,D2C,MTF,DBFTFB,1559ba95-8122-49ab-b494-9966e0309874
2022-07-01 07:07:07.741000,FR0014007L00,Corporate bond,DIRECTION GENERALE DU TRESOR,0,2032-05-25,2000000,EUR,82.774,PERC,,BTFE,BTFE,BLOOMBERG,1,D2C,MTF,DBFTFB,b5600216-f93a-4954-bb6b-771f94115131
2022-07-01 07:06:57.651000,FR0014007L00,Corporate bond,DIRECTION GENERALE DU TRESOR,0,2032-05-25,2000000,EUR,82.77,PERC,,BTFE,BTFE,BLOOMBERG,1,D2C,MTF,DBFTFB,21c2070a-e3a9-4ee6-bc34-02e2c70b9313
2022-07-01 07:00:28.594000,FR0014007L00,Corporate bond,DIRECTION GENERALE DU TRESOR,0,2032-05-25,2000000,EUR,82.838,PERC,,BTFE,BTFE,BLOOMBERG,1,D2C,MTF,DBFTFB,a9c2399d-f303-418f-898b-43469745a4b6
2022-07-01 07:00:23.030000,FR0014007L00,Corporate bond,DIRECTION GENERALE DU TRESOR,0,2032-05-25,2000000,EUR,82.795,PERC,,BTFE,BTFE,BLOOMBERG,1,D2C,MTF,DBFTFB,70216129-69e5-46d2-a090-7463a17f9850
2022-06-30 16:05:02.872000,FR0014007L00,Corporate bond,DIRECTION GENERALE DU TRESOR,0,2032-05-25,1580000,EUR,82.869,PERC,,BTFE,BTFE,BLOOMBERG,1,D2C,MTF,DBFTFB,91563aa5-6ba8-49fd-a38c-955963b87f95
2022-06-30 15:28:23.395000,FR0014007L00,Corporate bond,DIRECTION GENERALE DU TRESOR,0,2032-05-25,350000,EUR,82.666,PERC,,BTFE,BTFE,BLOOMBERG,1,D2C,MTF,DBFTFB,521eea51-2eeb-4092-8103-8aa280da0345
2022-06-30 15:22:18.748000,FR0014007L00,Corporate bond,DIRECTION GENERALE DU TRESOR,0,2032-05-25,9000,EUR,82.734,PERC,,BTFE,BTFE,BLOOMBERG,1,D2C,MTF,DBFTFB,f3e77f39-a30c-453d-87c0-e73ffaf5f08f
2022-06-30 15:16:50.427000,FR0014007L00,Corporate bond,DIRECTION GENERALE DU TRESOR,0,2032-05-25,1300000,EUR,82.607,PERC,,BTFE,BTFE,BLOOMBERG,1,D2C,MTF,DBFTFB,c987bf72-5e1d-4d7a-bfcc-631aaf4f3b30
2022-06-30 15:15:47.154000,FR0014007L00,Corporate bond,DIRECTION GENERALE DU TRESOR,0,2032-05-25,2300000,EUR,82.569,PERC,,BTFE,BTFE,BLOOMBERG,1,D2C,MTF,DBFTFB,3fcc71a0-43b3-4d6c-8296-6472a299d150
2022-06-30 15:13:27.719000,FR0014007L00,Corporate bond,DIRECTION GENERALE DU TRESOR,0,2032-05-25,80000,EUR,82.547,PERC,,BTFE,BTFE,BLOOMBERG,1,D2C,MTF,DBFTFB,a04a3285-3b37-4674-aaac-7ca7cb4fe33f
2022-06-30 15:07:02.737000,FR0014007L00,Corporate bond,DIRECTION GENERALE DU TRESOR,0,2032-05-25,650000,EUR,82.462,PERC,,BTFE,BTFE,BLOOMBERG,1,D2C,MTF,DBFTFB,a6504b3e-609e-4422-b955-88dfbf046c30
2022-06-30 15:02:25.301000,FR0014007L00,Corporate bond,DIRECTION GENERALE DU TRESOR,0,2032-05-25,1250000,EUR,82.548,PERC,,BTFE,BTFE,BLOOMBERG,1,D2C,MTF,DBFTFB,3fe237ed-1166-4fa2-9592-e35b04714806
2022-06-30 14:48:24.000000,FR0014007L00,Corporate bond,DIRECTION GENERALE DU TRESOR,0,2032-05-25,100000,EUR,82.653,PERC,,BTFE,BTFE,BLOOMBERG,1,D2C,MTF,DBFTFB,a9dcc430-828d-4a94-a9c4-a3f41e4a2235
2022-06-30 14:45:37.191000,FR0014007L00,Corporate bond,DIRECTION GENERALE DU TRESOR,0,2032-05-25,600000,EUR,82.745,PERC,,BTFE,BTFE,BLOOMBERG,1,D2C,MTF,DBFTFB,a4df4bb5-db71-48e9-859d-3aab1c9ae833
2022-06-30 14:37:52.757000,FR0014007L00,Corporate bond,DIRECTION GENERALE DU TRESOR,0,2032-05-25,624000,EUR,82.635,PERC,TPAC,BTFE,BTFE,BLOOMBERG,1,D2C,MTF,DBFTFB,a930e058-8a48-4677-b2d8-cce23166366c
2022-06-30 14:35:48.659000,FR0014007L00,Corporate bond,DIRECTION GENERALE DU TRESOR,0,2032-05-25,50000,EUR,82.606,PERC,,BTFE,BTFE,BLOOMBERG,1,D2C,MTF,DBFTFB,38ff283b-d326-418d-8e13-c983de1e8243
2022-06-30 14:34:50.519000,FR0014007L00,Corporate bond,DIRECTION GENERALE DU TRESOR,0,2032-05-25,1890000,EUR,82.58,PERC,,BTFE,BTFE,BLOOMBERG,1,D2C,MTF,DBFTFB,01c2230f-9d48-4a68-a51b-1a96945e3da1
2022-06-30 14:01:04.924000,FR0014007L00,Corporate bond,DIRECTION GENERALE DU TRESOR,0,2032-05-25,280000,EUR,82.556,PERC,,BTFE,BTFE,BLOOMBERG,1,D2C,MTF,DBFTFB,9b8dc390-adc2-450d-b63c-46367bb3a75a
2022-06-30 12:30:47.524000,FR0014007L00,Corporate bond,DIRECTION GENERALE DU TRESOR,0,2032-05-25,7000,EUR,82.648,PERC,,BTFE,BTFE,BLOOMBERG,1,D2C,MTF,DBFTFB,5d408452-1385-4cfa-8995-328e272fd739
2022-06-30 11:16:10.978000,FR0014007L00,Corporate bond,DIRECTION GENERALE DU TRESOR,0,2032-05-25,1500000,EUR,82.623,PERC,,BTFE,BTFE,BLOOMBERG,1,D2C,MTF,DBFTFB,4d4e0941-733f-48e7-8990-153d9304dfdf
2022-06-30 10:33:54.823000,FR0014007L00,Corporate bond,DIRECTION GENERALE DU TRESOR,0,2032-05-25,550000,EUR,82.387,PERC,,BTFE,BTFE,BLOOMBERG,1,D2C,MTF,DBFTFB,5efebacd-d6f4-4392-80b9-9327819ede0f
2022-06-30 10:05:15.239000,FR0014007L00,Corporate bond,DIRECTION GENERALE DU TRESOR,0,2032-05-25,2000,EUR,82.309,PERC,,BTFE,BTFE,BLOOMBERG,1,D2C,MTF,DBFTFB,183bf852-4620-472f-9e0f-d4bc6f15fe04
2022-06-30 09:17:45.997000,FR0014007L00,Corporate bond,DIRECTION GENERALE DU TRESOR,0,2032-05-25,150000,EUR,82.314,PERC,,BTFE,BTFE,BLOOMBERG,1,D2C,MTF,DBFTFB,fad8b233-dc51-44e6-b65d-72a1f93a57c7
2022-06-30 09:03:44.464000,FR0014007L00,Corporate bond,DIRECTION GENERALE DU TRESOR,0,2032-05-25,139812,EUR,82.219,PERC,,BTFE,BTFE,BLOOMBERG,1,D2C,MTF,DBFTFB,88146f61-ea54-4d14-802e-e396d1e952f4
2022-06-30 07:58:49.573000,FR0014007L00,Corporate bond,DIRECTION GENERALE DU TRESOR,0,2032-05-25,2959000,EUR,82.341,PERC,TPAC,BTFE,BTFE,BLOOMBERG,1,D2C,MTF,DBFTFB,762f0ab0-3d5c-4f3d-8292-98ba981baf6b
2022-06-29 13:44:47.963000,FR0014007L00,Corporate bond,DIRECTION GENERALE DU TRESOR,0,2032-05-25,16000,EUR,81.232,PERC,,BTFE,BTFE,BLOOMBERG,1,D2C,MTF,DBFTFB,b0c9b7fd-7fa5-4fdc-bf43-55d05c262be6
2022-06-29 13:33:12.757000,FR0014007L00,Corporate bond,DIRECTION GENERALE DU TRESOR,0,2032-05-25,7400,EUR,81.119,PERC,,BTFE,BTFE,BLOOMBERG,1,D2C,MTF,DBFTFB,f58730f9-5eaf-49a2-9d48-3783a212e1e8
2022-06-29 09:57:04.712000,FR0014007L00,Corporate bond,DIRECTION GENERALE DU TRESOR,0,2032-05-25,47,EUR,80.805,PERC,,BTFE,BTFE,BLOOMBERG,1,D2C,MTF,DBFTFB,ff87e8af-5b8d-40cc-8bc3-fe0a6113d14d
2022-06-29 09:57:02.593000,FR0014007L00,Corporate bond,DIRECTION GENERALE DU TRESOR,0,2032-05-25,4405,EUR,80.801,PERC,,BTFE,BTFE,BLOOMBERG,1,D2C,MTF,DBFTFB,165ca254-d003-4204-be32-0e40f27cd464
2022-06-29 09:07:07.280000,FR0014007L00,Corporate bond,DIRECTION GENERALE DU TRESOR,0,2032-05-25,31000,EUR,81.114,PERC,,BTFE,BTFE,BLOOMBERG,1,D2C,MTF,DBFTFB,dd705a04-5c58-424e-88dd-8278014e957b
2022-06-29 07:49:04.254000,FR0014007L00,Corporate bond,DIRECTION GENERALE DU TRESOR,0,2032-05-25,10531,EUR,81.047,PERC,,BTFE,BTFE,BLOOMBERG,1,D2C,MTF,DBFTFB,08df89f2-384f-4437-89e3-78e903bcd239
2022-06-28 15:23:11.576000,FR0014007L00,Corporate bond,DIRECTION GENERALE DU TRESOR,0,2032-05-25,6547,EUR,80.765,PERC,,BTFE,BTFE,BLOOMBERG,1,D2C,MTF,DBFTFB,c64ef300-849c-4fe8-a359-e886f978c98c
2022-06-28 09:29:40.568000,FR0014007L00,Corporate bond,DIRECTION GENERALE DU TRESOR,0,2032-05-25,2100000,EUR,81.125,PERC,,BTFE,BTFE,BLOOMBERG,1,D2C,MTF,DBFTFB,ae6d77b7-507e-4b18-beb7-52db2d3515b5
2022-06-28 08:32:01.317000,FR0014007L00,Corporate bond,DIRECTION GENERALE DU TRESOR,0,2032-05-25,661,EUR,80.944,PERC,,BTFE,BTFE,BLOOMBERG,1,D2C,MTF,DBFTFB,f322f859-9c2a-4375-99da-0ea8ba232893
2022-06-28 07:35:39.454000,FR0014007L00,Corporate bond,DIRECTION GENERALE DU TRESOR,0,2032-05-25,1600000,EUR,80.893,PERC,,BTFE,BTFE,BLOOMBERG,1,D2C,MTF,DBFTFB,9ce073e9-482c-4c97-b777-ae16739f97d1
2022-06-28 06:53:06.340920,FR0014007L00,Corporate bond,DIRECTION GENERALE DU TRESOR,0,2032-05-25,277217000,EUR,80.967116,PERC,IDAF SIZE,BTFE,BTFE,BLOOMBERG,21,D2C,MTF,DBFTFB,
2022-06-27 15:05:18.683000,FR0014007L00,Corporate bond,DIRECTION GENERALE DU TRESOR,0,2032-05-25,300000,EUR,81.564,PERC,,BTFE,BTFE,BLOOMBERG,1,D2C,MTF,DBFTFB,5d199ef0-90c1-4714-802e-ee1c005a902b
2022-06-27 14:48:55.517000,FR0014007L00,Corporate bond,DIRECTION GENERALE DU TRESOR,0,2032-05-25,1000000,EUR,81.582,PERC,,BTFE,BTFE,BLOOMBERG,1,D2C,MTF,DBFTFB,d4e07174-1b81-4b6c-a351-bf30f9de4fef
2022-06-27 14:07:48.533000,FR0014007L00,Corporate bond,DIRECTION GENERALE DU TRESOR,0,2032-05-25,1000000,EUR,81.637,PERC,,BTFE,BTFE,BLOOMBERG,1,D2C,MTF,DBFTFB,2afe9d0f-f6a0-4e24-a4cd-7f46bd6da9f5
2022-06-27 13:48:15.156000,FR0014007L00,Corporate bond,DIRECTION GENERALE DU TRESOR,0,2032-05-25,1000000,EUR,81.858,PERC,,BTFE,BTFE,BLOOMBERG,1,D2C,MTF,DBFTFB,86bd8595-d04d-4c12-83d9-70ce2cdeaafd
2022-06-27 13:47:45.090000,FR0014007L00,Corporate bond,DIRECTION GENERALE DU TRESOR,0,2032-05-25,2000000,EUR,81.844,PERC,,BTFE,BTFE,BLOOMBERG,1,D2C,MTF,DBFTFB,e205ec0d-36d1-4549-8462-639ad20cb009
2022-06-27 13:45:22.202000,FR0014007L00,Corporate bond,DIRECTION GENERALE DU TRESOR,0,2032-05-25,2000000,EUR,81.741,PERC,,BTFE,BTFE,BLOOMBERG,1,D2C,MTF,DBFTFB,d6695228-677c-4536-96c5-10b14a987eb8
2022-06-27 08:54:24.390000,FR0014007L00,Corporate bond,DIRECTION GENERALE DU TRESOR,0,2032-05-25,286245,EUR,82.038,PERC,,BTFE,BTFE,BLOOMBERG,1,D2C,MTF,DBFTFB,ff6cad0e-c9c6-45ed-b351-3779bc9b7cc0
2022-06-27 08:13:07.395000,FR0014007L00,Corporate bond,DIRECTION GENERALE DU TRESOR,0,2032-05-25,1940000,EUR,82.019,PERC,,BTFE,BTFE,BLOOMBERG,1,D2C,MTF,DBFTFB,40a8d561-b004-4b5f-9102-bc18e704cea6
2022-06-27 08:08:38.153000,FR0014007L00,Corporate bond,DIRECTION GENERALE DU TRESOR,0,2032-05-25,754,EUR,82.095,PERC,,BTFE,BTFE,BLOOMBERG,1,D2C,MTF,DBFTFB,cb754817-67f0-4e99-803f-5e1ab104529d
2022-06-24 15:14:59.205000,FR0014007L00,Corporate bond,DIRECTION GENERALE DU TRESOR,0,2032-05-25,100000,EUR,82.565,PERC,,BTFE,BTFE,BLOOMBERG,1,D2C,MTF,DBFTFB,03105ce6-c82f-4f15-b7b1-61b0bb47e6f7
2022-06-24 13:41:26.861000,FR0014007L00,Corporate bond,DIRECTION GENERALE DU TRESOR,0,2032-05-25,187000,EUR,82.22,PERC,,BTFE,BTFE,BLOOMBERG,1,D2C,MTF,DBFTFB,7533aec5-8158-4afd-80ae-36746c01f970
2022-06-24 10:26:13.365000,FR0014007L00,Corporate bond,DIRECTION GENERALE DU TRESOR,0,2032-05-25,800000,EUR,82.141,PERC,,BTFE,BTFE,BLOOMBERG,1,D2C,MTF,DBFTFB,51c9153b-0c7c-4518-a4bb-610203ea32d1
2022-06-24 09:55:57.034000,FR0014007L00,Corporate bond,DIRECTION GENERALE DU TRESOR,0,2032-05-25,5830,EUR,82.307,PERC,,BTFE,BTFE,BLOOMBERG,1,D2C,MTF,DBFTFB,2ff76fc6-b04f-4e78-982c-72c02da6be29
2022-06-23 15:50:00.825000,FR0014007L00,Corporate bond,DIRECTION GENERALE DU TRESOR,0,2032-05-25,2250000,EUR,82.405,PERC,,BTFE,BTFE,BLOOMBERG,1,D2C,MTF,DBFTFB,6e3e0e30-56e6-4eb8-928a-e108fde89f46
2022-06-23 13:57:46.534000,FR0014007L00,Corporate bond,DIRECTION GENERALE DU TRESOR,0,2032-05-25,100000,EUR,82.612,PERC,,BTFE,BTFE,BLOOMBERG,1,D2C,MTF,DBFTFB,eca6a9a4-a629-4514-af14-56103cef3054
2022-06-23 13:33:57.591000,FR0014007L00,Corporate bond,DIRECTION GENERALE DU TRESOR,0,2032-05-25,2000000,EUR,82.446,PERC,,BTFE,BTFE,BLOOMBERG,1,D2C,MTF,DBFTFB,8811128c-dec7-469a-b0db-03ac78f00213
2022-06-23 13:28:23.940000,FR0014007L00,Corporate bond,DIRECTION GENERALE DU TRESOR,0,2032-05-25,2000000,EUR,82.415,PERC,,BTFE,BTFE,BLOOMBERG,1,D2C,MTF,DBFTFB,f80accc1-89a3-4f82-a7bf-c93eabb6c90f
2022-06-23 10:32:17.444000,FR0014007L00,Corporate bond,DIRECTION GENERALE DU TRESOR,0,2032-05-25,6358,EUR,82.186,PERC,,BTFE,BTFE,BLOOMBERG,1,D2C,MTF,DBFTFB,031c9c75-2803-4383-b6b4-946f11677d23
2022-06-23 10:26:17.990000,FR0014007L00,Corporate bond,DIRECTION GENERALE DU TRESOR,0,2032-05-25,650,EUR,82.18,PERC,,BTFE,BTFE,BLOOMBERG,1,D2C,MTF,DBFTFB,82caa660-d34b-4c33-9028-20d65ca3e2a7
2022-06-23 09:35:53.969000,FR0014007L00,Corporate bond,DIRECTION GENERALE DU TRESOR,0,2032-05-25,2000000,EUR,82.432,PERC,,BTFE,BTFE,BLOOMBERG,1,D2C,MTF,DBFTFB,bb6879d6-167f-42b5-b87c-50f8b5713808
2022-06-23 09:34:07.584000,FR0014007L00,Corporate bond,DIRECTION GENERALE DU TRESOR,0,2032-05-25,2000000,EUR,82.442,PERC,,BTFE,BTFE,BLOOMBERG,1,D2C,MTF,DBFTFB,486ce824-2f6c-4e1a-9ca5-cd845db58801
2022-06-23 09:30:47.443000,FR0014007L00,Corporate bond,DIRECTION GENERALE DU TRESOR,0,2032-05-25,2000000,EUR,82.368,PERC,,BTFE,BTFE,BLOOMBERG,1,D2C,MTF,DBFTFB,d1198dff-cefe-4fbb-b68b-b227f7c84a6b
2022-06-23 09:27:42.185000,FR0014007L00,Corporate bond,DIRECTION GENERALE DU TRESOR,0,2032-05-25,2000000,EUR,82.305,PERC,,BTFE,BTFE,BLOOMBERG,1,D2C,MTF,DBFTFB,f98b811a-97fc-4111-b969-7ca0271d2f73
2022-06-23 09:03:03.787000,FR0014007L00,Corporate bond,DIRECTION GENERALE DU TRESOR,0,2032-05-25,2000000,EUR,82.311,PERC,,BTFE,BTFE,BLOOMBERG,1,D2C,MTF,DBFTFB,a80af276-32f7-415d-8e6c-90f4706ed949
2022-06-23 09:01:55.257000,FR0014007L00,Corporate bond,DIRECTION GENERALE DU TRESOR,0,2032-05-25,2000000,EUR,82.201,PERC,,BTFE,BTFE,BLOOMBERG,1,D2C,MTF,DBFTFB,96b8aea9-0a62-47da-8e55-d6acdb4e413a
2022-06-23 08:49:56.423000,FR0014007L00,Corporate bond,DIRECTION GENERALE DU TRESOR,0,2032-05-25,2230000,EUR,82.324,PERC,,BTFE,BTFE,BLOOMBERG,1,D2C,MTF,DBFTFB,683b93f4-cb00-4db0-abe9-4d884dd92329
2022-06-23 08:45:07.110000,FR0014007L00,Corporate bond,DIRECTION GENERALE DU TRESOR,0,2032-05-25,2000000,EUR,82.27,PERC,,BTFE,BTFE,BLOOMBERG,1,D2C,MTF,DBFTFB,304e6fe5-f9ed-48f4-8dd6-d9cf2369af26
2022-06-23 08:43:57.059000,FR0014007L00,Corporate bond,DIRECTION GENERALE DU TRESOR,0,2032-05-25,2000000,EUR,82.218,PERC,,BTFE,BTFE,BLOOMBERG,1,D2C,MTF,DBFTFB,69b89b92-db2a-4b90-bce3-305acccd76eb
2022-06-22 13:57:11.362000,FR0014007L00,Corporate bond,DIRECTION GENERALE DU TRESOR,0,2032-05-25,100000,EUR,80.923,PERC,,BTFE,BTFE,BLOOMBERG,1,D2C,MTF,DBFTFB,3895b973-a8bd-4d6c-b653-46ba987b93b4
2022-06-22 13:47:03.801000,FR0014007L00,Corporate bond,DIRECTION GENERALE DU TRESOR,0,2032-05-25,2959000,EUR,80.954,PERC,TPAC,BTFE,BTFE,BLOOMBERG,1,D2C,MTF,DBFTFB,38dee0bf-2d4f-4f20-bf42-861d4938a0ea
2022-06-22 13:45:07.749000,FR0014007L00,Corporate bond,DIRECTION GENERALE DU TRESOR,0,2032-05-25,100000,EUR,80.974,PERC,,BTFE,BTFE,BLOOMBERG,1,D2C,MTF,DBFTFB,0cd5608e-24a2-44fc-89b2-e9644cf6a489
2022-06-22 12:50:48.933000,FR0014007L00,Corporate bond,DIRECTION GENERALE DU TRESOR,0,2032-05-25,39000,EUR,80.722,PERC,,BTFE,BTFE,BLOOMBERG,1,D2C,MTF,DBFTFB,baabaff2-db22-46d7-916e-afad3eb5ecfe
2022-06-22 12:22:16.779000,FR0014007L00,Corporate bond,DIRECTION GENERALE DU TRESOR,0,2032-05-25,11514,EUR,80.505,PERC,,BTFE,BTFE,BLOOMBERG,1,D2C,MTF,DBFTFB,7a90cddf-5c2d-4b52-8256-44047a011e54
2022-06-22 11:21:44.863000,FR0014007L00,Corporate bond,DIRECTION GENERALE DU TRESOR,0,2032-05-25,2000000,EUR,80.498,PERC,,BTFE,BTFE,BLOOMBERG,1,D2C,MTF,DBFTFB,0921fcbb-59f1-4001-933e-116100bddb02
2022-06-22 11:19:02.653000,FR0014007L00,Corporate bond,DIRECTION GENERALE DU TRESOR,0,2032-05-25,2000000,EUR,80.483,PERC,,BTFE,BTFE,BLOOMBERG,1,D2C,MTF,DBFTFB,291fe9e2-6552-423d-b5b2-ac77ce5a2025
2022-06-22 11:01:17.721000,FR0014007L00,Corporate bond,DIRECTION GENERALE DU TRESOR,0,2032-05-25,1500000,EUR,80.41,PERC,,BTFE,BTFE,BLOOMBERG,1,D2C,MTF,DBFTFB,e155660e-ee60-43c9-9412-15540c613c28
2022-06-22 10:58:09.667000,FR0014007L00,Corporate bond,DIRECTION GENERALE DU TRESOR,0,2032-05-25,1500000,EUR,80.393,PERC,,BTFE,BTFE,BLOOMBERG,1,D2C,MTF,DBFTFB,1c0ddf14-f7c2-4ddc-a366-c49a3810c5ab
2022-06-22 10:49:45.649000,FR0014007L00,Corporate bond,DIRECTION GENERALE DU TRESOR,0,2032-05-25,100000,EUR,80.332,PERC,,BTFE,BTFE,BLOOMBERG,1,D2C,MTF,DBFTFB,99636d43-66ca-4ca9-a67d-caae7a3ce83d
2022-06-22 08:58:22.445000,FR0014007L00,Corporate bond,DIRECTION GENERALE DU TRESOR,0,2032-05-25,2215,EUR,80.195,PERC,,BTFE,BTFE,BLOOMBERG,1,D2C,MTF,DBFTFB,d1612789-e968-4189-8293-e5953ba03c2c
2022-06-22 08:45:22.849000,FR0014007L00,Corporate bond,DIRECTION GENERALE DU TRESOR,0,2032-05-25,227000,EUR,80.205,PERC,,BTFE,BTFE,BLOOMBERG,1,D2C,MTF,DBFTFB,51bc5256-b801-4a7d-bc90-8515017b5bc2
2022-06-22 08:29:45.531000,FR0014007L00,Corporate bond,DIRECTION GENERALE DU TRESOR,0,2032-05-25,2000,EUR,80.165,PERC,,BTFE,BTFE,BLOOMBERG,1,D2C,MTF,DBFTFB,c845eabe-a69e-4196-9530-e0c00734e988
2022-06-21 15:28:25.385000,FR0014007L00,Corporate bond,DIRECTION GENERALE DU TRESOR,0,2032-05-25,1000000,EUR,79.608,PERC,,BTFE,BTFE,BLOOMBERG,1,D2C,MTF,DBFTFB,a7065b4d-d9e3-4c82-8fd4-4013d8305e5e
2022-06-21 15:14:57.676000,FR0014007L00,Corporate bond,DIRECTION GENERALE DU TRESOR,0,2032-05-25,300000,EUR,79.539,PERC,,BTFE,BTFE,BLOOMBERG,1,D2C,MTF,DBFTFB,e105b3af-a0fe-4bc0-ad3d-db643bf1cc61
2022-06-21 14:58:27.992000,FR0014007L00,Corporate bond,DIRECTION GENERALE DU TRESOR,0,2032-05-25,10000,EUR,79.628,PERC,,BTFE,BTFE,BLOOMBERG,1,D2C,MTF,DBFTFB,73b92118-88f2-40d1-b2c8-06c020441e53
2022-06-21 10:40:28.897000,FR0014007L00,Corporate bond,DIRECTION GENERALE DU TRESOR,0,2032-05-25,5619,EUR,79.601,PERC,,BTFE,BTFE,BLOOMBERG,1,D2C,MTF,DBFTFB,07904405-4937-4a3a-b30c-2fa6c945dac2
2022-06-21 10:39:47.709000,FR0014007L00,Corporate bond,DIRECTION GENERALE DU TRESOR,0,2032-05-25,5309,EUR,79.617,PERC,,BTFE,BTFE,BLOOMBERG,1,D2C,MTF,DBFTFB,47deb3e9-2bd4-4d09-8c58-4376f201c035
2022-06-21 10:16:34.667000,FR0014007L00,Corporate bond,DIRECTION GENERALE DU TRESOR,0,2032-05-25,100000,EUR,79.717,PERC,,BTFE,BTFE,BLOOMBERG,1,D2C,MTF,DBFTFB,b870e056-6a17-4739-83d1-6ad07d828ed5
2022-06-21 09:46:14.280000,FR0014007L00,Corporate bond,DIRECTION GENERALE DU TRESOR,0,2032-05-25,72000,EUR,79.957,PERC,,BTFE,BTFE,BLOOMBERG,1,D2C,MTF,DBFTFB,8f99ddf0-e79e-4719-8230-e723f653f63f
2022-06-21 06:51:33.657759,FR0014007L00,Corporate bond,DIRECTION GENERALE DU TRESOR,0,2032-05-25,383305200,EUR,79.908882,PERC,IDAF SIZE,BTFE,BTFE,BLOOMBERG,26,D2C,MTF,DBFTFB,
2022-06-20 14:46:32.398000,FR0014007L00,Corporate bond,DIRECTION GENERALE DU TRESOR,0,2032-05-25,4000,EUR,80.039,PERC,,BTFE,BTFE,BLOOMBERG,1,D2C,MTF,DBFTFB,9e81d573-3304-4e22-b037-0a198d896ce3
2022-06-20 13:26:14.024000,FR0014007L00,Corporate bond,DIRECTION GENERALE DU TRESOR,0,2032-05-25,2500000,EUR,80.129,PERC,,BTFE,BTFE,BLOOMBERG,1,D2C,MTF,DBFTFB,b68c34b6-f6ef-430f-a918-354fa453256b
2022-06-17 14:37:38.101000,FR0014007L00,Corporate bond,DIRECTION GENERALE DU TRESOR,0,2032-05-25,100000,EUR,80.105,PERC,,BTFE,BTFE,BLOOMBERG,1,D2C,MTF,DBFTFB,2a893e46-09fe-42ac-9b80-de2d5cb8460a
2022-06-17 14:21:31.538000,FR0014007L00,Corporate bond,DIRECTION GENERALE DU TRESOR,0,2032-05-25,476608,EUR,79.898,PERC,,BTFE,BTFE,BLOOMBERG,1,D2C,MTF,DBFTFB,d5daf464-af8e-473d-8e48-cb0c00f67c1f
2022-06-17 14:15:53.595000,FR0014007L00,Corporate bond,DIRECTION GENERALE DU TRESOR,0,2032-05-25,1000,EUR,80.072,PERC,,BTFE,BTFE,BLOOMBERG,1,D2C,MTF,DBFTFB,21b360e1-3b5a-4d91-90ae-c7db5f92a4ec
2022-06-17 14:15:14.797000,FR0014007L00,Corporate bond,DIRECTION GENERALE DU TRESOR,0,2032-05-25,2000,EUR,80.067,PERC,,BTFE,BTFE,BLOOMBERG,1,D2C,MTF,DBFTFB,0dad09ed-90a5-4bdb-af88-59b9c94f250b
2022-06-17 13:14:21.202000,FR0014007L00,Corporate bond,DIRECTION GENERALE DU TRESOR,0,2032-05-25,10000,EUR,80.429,PERC,,BTFE,BTFE,BLOOMBERG,1,D2C,MTF,DBFTFB,4f58c715-4339-4acf-8a3e-f4e110e34ad8
2022-06-17 13:08:45.151000,FR0014007L00,Corporate bond,DIRECTION GENERALE DU TRESOR,0,2032-05-25,8000,EUR,80.458,PERC,,BTFE,BTFE,BLOOMBERG,1,D2C,MTF,DBFTFB,0a5ea812-e32e-41ed-95d9-bc71e62935ef
2022-06-17 12:51:30.690000,FR0014007L00,Corporate bond,DIRECTION GENERALE DU TRESOR,0,2032-05-25,50000,EUR,80.53,PERC,,BTFE,BTFE,BLOOMBERG,1,D2C,MTF,DBFTFB,7e46bcb8-7da8-45fe-8781-635780b59964
2022-06-17 12:06:33.965000,FR0014007L00,Corporate bond,DIRECTION GENERALE DU TRESOR,0,2032-05-25,25000,EUR,80.518,PERC,,BTFE,BTFE,BLOOMBERG,1,D2C,MTF,DBFTFB,f58cfda1-3de5-4343-b92c-49e034056e4c
2022-06-17 11:28:11.069000,FR0014007L00,Corporate bond,DIRECTION GENERALE DU TRESOR,0,2032-05-25,113000,EUR,80.614,PERC,,BTFE,BTFE,BLOOMBERG,1,D2C,MTF,DBFTFB,e512b81b-7011-4f67-9422-0360eea27c3d
2022-06-17 11:25:34.352000,FR0014007L00,Corporate bond,DIRECTION GENERALE DU TRESOR,0,2032-05-25,13000,EUR,80.621,PERC,,BTFE,BTFE,BLOOMBERG,1,D2C,MTF,DBFTFB,57119df8-2c93-4a3c-a4bb-896e3d3c8c95
2022-06-17 11:09:00.719000,FR0014007L00,Corporate bond,DIRECTION GENERALE DU TRESOR,0,2032-05-25,35000,EUR,80.781,PERC,,BTFE,BTFE,BLOOMBERG,1,D2C,MTF,DBFTFB,9339b089-23c7-4b3a-9a7a-f58fc985b99e
2022-06-17 10:44:07.141000,FR0014007L00,Corporate bond,DIRECTION GENERALE DU TRESOR,0,2032-05-25,50000,EUR,80.737,PERC,,BTFE,BTFE,BLOOMBERG,1,D2C,MTF,DBFTFB,f30a82e3-a0cd-48a3-92b7-8baa50b9ee34
2022-06-17 10:33:48.751000,FR0014007L00,Corporate bond,DIRECTION GENERALE DU TRESOR,0,2032-05-25,2384,EUR,80.739,PERC,,BTFE,BTFE,BLOOMBERG,1,D2C,MTF,DBFTFB,e35e70e9-fed8-4e72-8352-e5cd46c3df31
2022-06-17 10:30:42.880000,FR0014007L00,Corporate bond,DIRECTION GENERALE DU TRESOR,0,2032-05-25,320000,EUR,80.753,PERC,,BTFE,BTFE,BLOOMBERG,1,D2C,MTF,DBFTFB,e7494b71-815f-4e0d-afcf-e041868820d5
2022-06-17 10:27:10.437000,FR0014007L00,Corporate bond,DIRECTION GENERALE DU TRESOR,0,2032-05-25,4839,EUR,80.774,PERC,,BTFE,BTFE,BLOOMBERG,1,D2C,MTF,DBFTFB,27ee163f-4284-434d-b352-f941d0790533
2022-06-17 10:17:48.108000,FR0014007L00,Corporate bond,DIRECTION GENERALE DU TRESOR,0,2032-05-25,350000,EUR,80.714,PERC,,BTFE,BTFE,BLOOMBERG,1,D2C,MTF,DBFTFB,50768628-cfe3-461a-923a-3483aa06a2cb
2022-06-16 14:46:53.498000,FR0014007L00,Corporate bond,DIRECTION GENERALE DU TRESOR,0,2032-05-25,8000,EUR,79.753,PERC,,BTFE,BTFE,BLOOMBERG,1,D2C,MTF,DBFTFB,c7b5dfcb-8eb3-4a21-9900-af8c3acd1559
2022-06-16 12:49:57.012000,FR0014007L00,Corporate bond,DIRECTION GENERALE DU TRESOR,0,2032-05-25,7000,EUR,79.23,PERC,,BTFE,BTFE,BLOOMBERG,1,D2C,MTF,DBFTFB,30497c6d-e76c-433d-a946-118de72b1654
2022-06-16 12:23:41.214000,FR0014007L00,Corporate bond,DIRECTION GENERALE DU TRESOR,0,2032-05-25,7000,EUR,79.391,PERC,,BTFE,BTFE,BLOOMBERG,1,D2C,MTF,DBFTFB,55594361-054e-45ca-a954-220a750be510
2022-06-16 12:15:09.076000,FR0014007L00,Corporate bond,DIRECTION GENERALE DU TRESOR,0,2032-05-25,30000,EUR,79.378,PERC,,BTFE,BTFE,BLOOMBERG,1,D2C,MTF,DBFTFB,1b13f5cb-3701-41d9-af34-c2f9fda3f810
2022-06-16 12:03:32.059000,FR0014007L00,Corporate bond,DIRECTION GENERALE DU TRESOR,0,2032-05-25,45000,EUR,79.118,PERC,,BTFE,BTFE,BLOOMBERG,1,D2C,MTF,DBFTFB,32d899c4-dc5c-4844-a0ec-cefb77f7f8cb
2022-06-16 10:34:58.772000,FR0014007L00,Corporate bond,DIRECTION GENERALE DU TRESOR,0,2032-05-25,1600000,EUR,79.107,PERC,,BTFE,BTFE,BLOOMBERG,1,D2C,MTF,DBFTFB,3430f1f2-e51e-4029-8159-be0eee9a8bd7
2022-06-16 10:20:31.672000,FR0014007L00,Corporate bond,DIRECTION GENERALE DU TRESOR,0,2032-05-25,1000000,EUR,79.168,PERC,,BTFE,BTFE,BLOOMBERG,1,D2C,MTF,DBFTFB,b53fff15-87e7-4381-ad21-4a736fe0b93c
2022-06-16 09:48:44.904000,FR0014007L00,Corporate bond,DIRECTION GENERALE DU TRESOR,0,2032-05-25,4000,EUR,78.998,PERC,,BTFE,BTFE,BLOOMBERG,1,D2C,MTF,DBFTFB,86b148c0-3d96-4e86-8713-4a0fe92c93e2
2022-06-16 09:30:38.897000,FR0014007L00,Corporate bond,DIRECTION GENERALE DU TRESOR,0,2032-05-25,18000,EUR,79.154,PERC,,BTFE,BTFE,BLOOMBERG,1,D2C,MTF,DBFTFB,39f39459-482e-4295-81bc-15ffddadba56
2022-06-15 12:49:50.560000,FR0014007L00,Corporate bond,DIRECTION GENERALE DU TRESOR,0,2032-05-25,50000,EUR,80.551,PERC,,BTFE,BTFE,BLOOMBERG,1,D2C,MTF,DBFTFB,adf17670-b4c2-4e43-86eb-39b0d77f317f
2022-06-15 12:41:44.703000,FR0014007L00,Corporate bond,DIRECTION GENERALE DU TRESOR,0,2032-05-25,5000,EUR,80.511,PERC,,BTFE,BTFE,BLOOMBERG,1,D2C,MTF,DBFTFB,0911cbac-a785-4e14-bd68-0dfac8bf7866
2022-06-15 12:22:44.456000,FR0014007L00,Corporate bond,DIRECTION GENERALE DU TRESOR,0,2032-05-25,85000,EUR,80.196,PERC,,BTFE,BTFE,BLOOMBERG,1,D2C,MTF,DBFTFB,f270bbed-4476-4b90-836d-555d22f4fadc
2022-06-15 11:40:27.747000,FR0014007L00,Corporate bond,DIRECTION GENERALE DU TRESOR,0,2032-05-25,2000000,EUR,80.3,PERC,,BTFE,BTFE,BLOOMBERG,1,D2C,MTF,DBFTFB,1309e6a4-d75b-47b9-8da7-f0e4e648b4a1
2022-06-15 11:39:13.586000,FR0014007L00,Corporate bond,DIRECTION GENERALE DU TRESOR,0,2032-05-25,2000000,EUR,80.336,PERC,,BTFE,BTFE,BLOOMBERG,1,D2C,MTF,DBFTFB,09fc85cb-5f44-4da8-8bb8-b6f967670753
2022-06-15 10:52:19.244000,FR0014007L00,Corporate bond,DIRECTION GENERALE DU TRESOR,0,2032-05-25,48000,EUR,80.091,PERC,,BTFE,BTFE,BLOOMBERG,1,D2C,MTF,DBFTFB,a5b6ab4b-b062-4a4e-9063-098ea95ba942
2022-06-15 10:05:32.986000,FR0014007L00,Corporate bond,DIRECTION GENERALE DU TRESOR,0,2032-05-25,114000,EUR,79.967,PERC,,BTFE,BTFE,BLOOMBERG,1,D2C,MTF,DBFTFB,128b1b02-4421-4ff7-be1e-5d121c6da58e
2022-06-15 10:04:46.707000,FR0014007L00,Corporate bond,DIRECTION GENERALE DU TRESOR,0,2032-05-25,11000,EUR,79.96,PERC,,BTFE,BTFE,BLOOMBERG,1,D2C,MTF,DBFTFB,cce49b3e-c728-462a-87d7-717cecb5426b
2022-06-15 09:35:57.232000,FR0014007L00,Corporate bond,DIRECTION GENERALE DU TRESOR,0,2032-05-25,109494,EUR,79.7,PERC,,BTFE,BTFE,BLOOMBERG,1,D2C,MTF,DBFTFB,3c68f2f4-0915-49cf-b441-dea94526839a
2022-06-15 09:09:06.486000,FR0014007L00,Corporate bond,DIRECTION GENERALE DU TRESOR,0,2032-05-25,800000,EUR,79.624,PERC,,BTFE,BTFE,BLOOMBERG,1,D2C,MTF,DBFTFB,85f81db8-dba6-4b3a-a587-570ef84e26d4
2022-06-15 08:56:43.025000,FR0014007L00,Corporate bond,DIRECTION GENERALE DU TRESOR,0,2032-05-25,3145,EUR,79.726,PERC,,BTFE,BTFE,BLOOMBERG,1,D2C,MTF,DBFTFB,c00ccd8b-aef5-4564-b357-e837d3107297
2022-06-15 08:27:51.353000,FR0014007L00,Corporate bond,DIRECTION GENERALE DU TRESOR,0,2032-05-25,500000,EUR,79.686,PERC,,BTFE,BTFE,BLOOMBERG,1,D2C,MTF,DBFTFB,12497555-1d5a-4bd8-b3c2-78678c16a391
2022-06-15 07:47:41.065000,FR0014007L00,Corporate bond,DIRECTION GENERALE DU TRESOR,0,2032-05-25,45000,EUR,79.589,PERC,,BTFE,BTFE,BLOOMBERG,1,D2C,MTF,DBFTFB,651db41e-bbce-4178-a9db-13fe3baa11da
2022-06-15 07:39:23.501000,FR0014007L00,Corporate bond,DIRECTION GENERALE DU TRESOR,0,2032-05-25,630000,EUR,79.831,PERC,,BTFE,BTFE,BLOOMBERG,1,D2C,MTF,DBFTFB,7e585fc1-9b8a-4318-8556-315fb2a0d2b9
2022-06-15 06:47:11.677000,FR0014007L00,Corporate bond,DIRECTION GENERALE DU TRESOR,0,2032-05-25,1000000,EUR,79.644,PERC,,BTFE,BTFE,BLOOMBERG,1,D2C,MTF,DBFTFB,342ea851-3b59-4245-95d2-a7120b918cb1
2022-06-14 15:08:34.460000,FR0014007L00,Corporate bond,DIRECTION GENERALE DU TRESOR,0,2032-05-25,300000,EUR,79.576,PERC,,BTFE,BTFE,BLOOMBERG,1,D2C,MTF,DBFTFB,ec84101e-8327-4418-8278-7b4c430b3712
2022-06-14 13:33:20.251000,FR0014007L00,Corporate bond,DIRECTION GENERALE DU TRESOR,0,2032-05-25,2000000,EUR,79.88,PERC,,BTFE,BTFE,BLOOMBERG,1,D2C,MTF,DBFTFB,fd8bf4a8-4d19-41cf-b1f0-9982d41e06a7
2022-06-14 13:33:11.738000,FR0014007L00,Corporate bond,DIRECTION GENERALE DU TRESOR,0,2032-05-25,2000000,EUR,79.888,PERC,,BTFE,BTFE,BLOOMBERG,1,D2C,MTF,DBFTFB,d07f516d-3eef-44b8-8569-3c550382fe38
2022-06-14 13:30:35.669000,FR0014007L00,Corporate bond,DIRECTION GENERALE DU TRESOR,0,2032-05-25,2000000,EUR,79.872,PERC,,BTFE,BTFE,BLOOMBERG,1,D2C,MTF,DBFTFB,2e1505ae-5a91-495c-97a1-00a2366e298b
2022-06-14 13:30:25.400000,FR0014007L00,Corporate bond,DIRECTION GENERALE DU TRESOR,0,2032-05-25,2000000,EUR,79.865,PERC,,BTFE,BTFE,BLOOMBERG,1,D2C,MTF,DBFTFB,3bda870b-aad3-4d5f-84ea-d816787b67aa
2022-06-14 13:13:16.102000,FR0014007L00,Corporate bond,DIRECTION GENERALE DU TRESOR,0,2032-05-25,2000000,EUR,79.89,PERC,,BTFE,BTFE,BLOOMBERG,1,D2C,MTF,DBFTFB,45c4ef5a-bf21-44ba-8386-8882622cae0e
2022-06-14 13:13:09.838000,FR0014007L00,Corporate bond,DIRECTION GENERALE DU TRESOR,0,2032-05-25,2000000,EUR,79.905,PERC,,BTFE,BTFE,BLOOMBERG,1,D2C,MTF,DBFTFB,adb21dd4-9c85-4454-92af-1d5dbfb8b5a1
2022-06-14 13:03:23.702000,FR0014007L00,Corporate bond,DIRECTION GENERALE DU TRESOR,0,2032-05-25,2000000,EUR,80.04,PERC,,BTFE,BTFE,BLOOMBERG,1,D2C,MTF,DBFTFB,b32c0443-0299-4bbb-ad07-3fe81ca90c74
2022-06-14 13:03:20.798000,FR0014007L00,Corporate bond,DIRECTION GENERALE DU TRESOR,0,2032-05-25,2000000,EUR,80.055,PERC,,BTFE,BTFE,BLOOMBERG,1,D2C,MTF,DBFTFB,69a2f060-3617-4385-bc44-0909ae883b87
2022-06-14 12:58:23.837000,FR0014007L00,Corporate bond,DIRECTION GENERALE DU TRESOR,0,2032-05-25,2000000,EUR,80.114,PERC,,BTFE,BTFE,BLOOMBERG,1,D2C,MTF,DBFTFB,15c5c803-7aa8-42c9-aa27-7b2da5efc33e
2022-06-14 12:58:18.034000,FR0014007L00,Corporate bond,DIRECTION GENERALE DU TRESOR,0,2032-05-25,2000000,EUR,80.127,PERC,,BTFE,BTFE,BLOOMBERG,1,D2C,MTF,DBFTFB,c0a58c49-a3cb-45af-97ea-db7b769e9f60
2022-06-14 11:55:29.734000,FR0014007L00,Corporate bond,DIRECTION GENERALE DU TRESOR,0,2032-05-25,100000,EUR,79.805,PERC,,BTFE,BTFE,BLOOMBERG,1,D2C,MTF,DBFTFB,f7b2dcb8-5eea-4bb1-8741-f651d1d0faa3
2022-06-14 11:20:47.463000,FR0014007L00,Corporate bond,DIRECTION GENERALE DU TRESOR,0,2032-05-25,1000000,EUR,79.905,PERC,,BTFE,BTFE,BLOOMBERG,1,D2C,MTF,DBFTFB,5049a9d4-b00f-4f64-b681-b9efaf7d6971
2022-06-14 11:20:15.712000,FR0014007L00,Corporate bond,DIRECTION GENERALE DU TRESOR,0,2032-05-25,1000000,EUR,79.917,PERC,,BTFE,BTFE,BLOOMBERG,1,D2C,MTF,DBFTFB,266d2104-9880-4959-826c-a950012b3e40
2022-06-14 11:10:04.736000,FR0014007L00,Corporate bond,DIRECTION GENERALE DU TRESOR,0,2032-05-25,2000000,EUR,79.983,PERC,,BTFE,BTFE,BLOOMBERG,1,D2C,MTF,DBFTFB,49cc1dcc-5f4b-4661-bfed-7ea5b16143cd
2022-06-14 11:09:32.865000,FR0014007L00,Corporate bond,DIRECTION GENERALE DU TRESOR,0,2032-05-25,2000000,EUR,79.997,PERC,,BTFE,BTFE,BLOOMBERG,1,D2C,MTF,DBFTFB,39206b8a-94ac-4834-aab4-8371362a80e7
2022-06-14 11:03:32.497000,FR0014007L00,Corporate bond,DIRECTION GENERALE DU TRESOR,0,2032-05-25,43000,EUR,80.093,PERC,,BTFE,BTFE,BLOOMBERG,1,D2C,MTF,DBFTFB,28ed1929-367c-4a86-b02e-8aa6e65a09ee
2022-06-14 10:42:36.910000,FR0014007L00,Corporate bond,DIRECTION GENERALE DU TRESOR,0,2032-05-25,9184,EUR,80.136,PERC,,BTFE,BTFE,BLOOMBERG,1,D2C,MTF,DBFTFB,98e44dad-c4fa-4f57-ad80-e85071247977
2022-06-14 10:22:20.354000,FR0014007L00,Corporate bond,DIRECTION GENERALE DU TRESOR,0,2032-05-25,600000,EUR,80.102,PERC,,BTFE,BTFE,BLOOMBERG,1,D2C,MTF,DBFTFB,4a85ec87-5e75-49b7-b6ef-06a68f1b5e70
2022-06-14 10:20:22.699000,FR0014007L00,Corporate bond,DIRECTION GENERALE DU TRESOR,0,2032-05-25,1307,EUR,80.092,PERC,,BTFE,BTFE,BLOOMBERG,1,D2C,MTF,DBFTFB,4d8fbe67-707e-4475-9a44-94183ba2a3b4
2022-06-14 10:11:18.279000,FR0014007L00,Corporate bond,DIRECTION GENERALE DU TRESOR,0,2032-05-25,100000,EUR,80.057,PERC,,BTFE,BTFE,BLOOMBERG,1,D2C,MTF,DBFTFB,534c8808-5fd2-4a52-9ef1-c6d868f2645b
2022-06-14 09:08:06.848000,FR0014007L00,Corporate bond,DIRECTION GENERALE DU TRESOR,0,2032-05-25,2000000,EUR,80.01,PERC,,BTFE,BTFE,BLOOMBERG,1,D2C,MTF,DBFTFB,ff1c10d2-0195-4b40-9364-cbda8d2791f4
2022-06-14 09:08:01.374000,FR0014007L00,Corporate bond,DIRECTION GENERALE DU TRESOR,0,2032-05-25,2000000,EUR,80.02,PERC,,BTFE,BTFE,BLOOMBERG,1,D2C,MTF,DBFTFB,377c9b1e-cbdb-4dc2-83ae-5d69e5ca0254
2022-06-14 09:05:39.243000,FR0014007L00,Corporate bond,DIRECTION GENERALE DU TRESOR,0,2032-05-25,1000000,EUR,80.066,PERC,,BTFE,BTFE,BLOOMBERG,1,D2C,MTF,DBFTFB,81d76c55-d054-4f1c-9980-ad011708c0d8
2022-06-14 09:05:16.981000,FR0014007L00,Corporate bond,DIRECTION GENERALE DU TRESOR,0,2032-05-25,1000000,EUR,80.093,PERC,,BTFE,BTFE,BLOOMBERG,1,D2C,MTF,DBFTFB,56a32780-6fcc-495f-80e7-bb12a8b1e9ea
2022-06-14 09:01:42.758000,FR0014007L00,Corporate bond,DIRECTION GENERALE DU TRESOR,0,2032-05-25,1000000,EUR,80.125,PERC,,BTFE,BTFE,BLOOMBERG,1,D2C,MTF,DBFTFB,67e9a3f0-6e06-4add-989b-112d5c61f552
2022-06-14 09:01:32.731000,FR0014007L00,Corporate bond,DIRECTION GENERALE DU TRESOR,0,2032-05-25,1000000,EUR,80.135,PERC,,BTFE,BTFE,BLOOMBERG,1,D2C,MTF,DBFTFB,1a3376d7-1477-4610-9b07-53a2e95346ab
2022-06-14 08:47:54.154000,FR0014007L00,Corporate bond,DIRECTION GENERALE DU TRESOR,0,2032-05-25,1000000,EUR,80.164,PERC,,BTFE,BTFE,BLOOMBERG,1,D2C,MTF,DBFTFB,35441c6b-c06a-4b51-80f4-5a44449b9060
2022-06-14 08:47:43.908000,FR0014007L00,Corporate bond,DIRECTION GENERALE DU TRESOR,0,2032-05-25,1000000,EUR,80.177,PERC,,BTFE,BTFE,BLOOMBERG,1,D2C,MTF,DBFTFB,8ed5ce05-2187-49e4-9b06-a49bfeeb378e
2022-06-14 08:41:20.510000,FR0014007L00,Corporate bond,DIRECTION GENERALE DU TRESOR,0,2032-05-25,1000000,EUR,80.196,PERC,,BTFE,BTFE,BLOOMBERG,1,D2C,MTF,DBFTFB,5c88caf7-d2d3-40d8-8c40-7bfa7681826d
2022-06-14 08:40:52.609000,FR0014007L00,Corporate bond,DIRECTION GENERALE DU TRESOR,0,2032-05-25,1000000,EUR,80.226,PERC,,BTFE,BTFE,BLOOMBERG,1,D2C,MTF,DBFTFB,7061a512-84b6-486a-852c-20193df4fcbd
2022-06-14 08:39:41.730000,FR0014007L00,Corporate bond,DIRECTION GENERALE DU TRESOR,0,2032-05-25,1000000,EUR,80.25,PERC,,BTFE,BTFE,BLOOMBERG,1,D2C,MTF,DBFTFB,25cb00e1-4a10-4fc4-b4ef-5f65992de421
2022-06-14 08:39:37.866000,FR0014007L00,Corporate bond,DIRECTION GENERALE DU TRESOR,0,2032-05-25,1000000,EUR,80.266,PERC,,BTFE,BTFE,BLOOMBERG,1,D2C,MTF,DBFTFB,ec792d6f-8594-439c-8c36-8cb91ffe9dfb
2022-06-14 08:30:53.973000,FR0014007L00,Corporate bond,DIRECTION GENERALE DU TRESOR,0,2032-05-25,1000000,EUR,80.366,PERC,,BTFE,BTFE,BLOOMBERG,1,D2C,MTF,DBFTFB,eb05a846-32f1-4160-b82e-b8de9451107a
2022-06-14 08:30:48.941000,FR0014007L00,Corporate bond,DIRECTION GENERALE DU TRESOR,0,2032-05-25,1000000,EUR,80.372,PERC,,BTFE,BTFE,BLOOMBERG,1,D2C,MTF,DBFTFB,402c2a59-1719-4e1a-8c25-6af9bc9babbf
2022-06-14 08:20:18.269000,FR0014007L00,Corporate bond,DIRECTION GENERALE DU TRESOR,0,2032-05-25,1000000,EUR,80.406,PERC,,BTFE,BTFE,BLOOMBERG,1,D2C,MTF,DBFTFB,ea0ed483-fa7f-41ad-9f8d-11bc0858e0c0
2022-06-14 08:20:15.704000,FR0014007L00,Corporate bond,DIRECTION GENERALE DU TRESOR,0,2032-05-25,1000000,EUR,80.403,PERC,,BTFE,BTFE,BLOOMBERG,1,D2C,MTF,DBFTFB,44897c8d-2147-4556-9d78-8001ed184be1
2022-06-14 08:14:08.884000,FR0014007L00,Corporate bond,DIRECTION GENERALE DU TRESOR,0,2032-05-25,1000000,EUR,80.309,PERC,,BTFE,BTFE,BLOOMBERG,1,D2C,MTF,DBFTFB,158ed4e9-96e4-4800-866a-cb2d6181fe9e
2022-06-14 08:11:25.369000,FR0014007L00,Corporate bond,DIRECTION GENERALE DU TRESOR,0,2032-05-25,1000000,EUR,80.268,PERC,,BTFE,BTFE,BLOOMBERG,1,D2C,MTF,DBFTFB,a56e330a-4697-40b0-a626-806adbefa360
2022-06-14 08:10:27.484000,FR0014007L00,Corporate bond,DIRECTION GENERALE DU TRESOR,0,2032-05-25,1000000,EUR,80.298,PERC,,BTFE,BTFE,BLOOMBERG,1,D2C,MTF,DBFTFB,5765f95e-9740-4081-9786-38140dd5287e
2022-06-14 08:10:19.103000,FR0014007L00,Corporate bond,DIRECTION GENERALE DU TRESOR,0,2032-05-25,1000000,EUR,80.308,PERC,,BTFE,BTFE,BLOOMBERG,1,D2C,MTF,DBFTFB,f4c2bccd-5b7f-42f8-a692-d0a40c65ee86
2022-06-14 08:05:38.302000,FR0014007L00,Corporate bond,DIRECTION GENERALE DU TRESOR,0,2032-05-25,1000000,EUR,80.36,PERC,,BTFE,BTFE,BLOOMBERG,1,D2C,MTF,DBFTFB,dad47ebc-18ae-4da2-aa4a-253edbeb320e
2022-06-14 08:05:32.391000,FR0014007L00,Corporate bond,DIRECTION GENERALE DU TRESOR,0,2032-05-25,1000000,EUR,80.371,PERC,,BTFE,BTFE,BLOOMBERG,1,D2C,MTF,DBFTFB,26d1be2c-2b34-49d8-a53f-6ccb064d830b
2022-06-14 07:55:20.342000,FR0014007L00,Corporate bond,DIRECTION GENERALE DU TRESOR,0,2032-05-25,1000000,EUR,80.267,PERC,,BTFE,BTFE,BLOOMBERG,1,D2C,MTF,DBFTFB,892c6426-1cbd-4009-8f67-d605a64ccfa1
2022-06-14 07:55:13.696000,FR0014007L00,Corporate bond,DIRECTION GENERALE DU TRESOR,0,2032-05-25,1000000,EUR,80.274,PERC,,BTFE,BTFE,BLOOMBERG,1,D2C,MTF,DBFTFB,1f67b0c3-7390-4ced-9619-4dfe092bcdb2
2022-06-14 07:26:22.048000,FR0014007L00,Corporate bond,DIRECTION GENERALE DU TRESOR,0,2032-05-25,300000,EUR,80.522,PERC,,BTFE,BTFE,BLOOMBERG,1,D2C,MTF,DBFTFB,7c696594-f4b0-4cd5-b457-21c1527c69f9
2022-06-14 06:48:15.042272,FR0014007L00,Corporate bond,DIRECTION GENERALE DU TRESOR,0,2032-05-25,544896000,EUR,83.096504,PERC,IDAF LRGS,BTFE,BTFE,BLOOMBERG,31,D2C,MTF,DBFTFB,
2022-06-13 15:25:42.521000,FR0014007L00,Corporate bond,DIRECTION GENERALE DU TRESOR,0,2032-05-25,2485000,EUR,80.217,PERC,,BTFE,BTFE,BLOOMBERG,1,D2C,MTF,DBFTFB,fea0020c-530c-4128-90cd-7f8df9a4e3d7
2022-06-13 14:20:00.891000,FR0014007L00,Corporate bond,DIRECTION GENERALE DU TRESOR,0,2032-05-25,10000,EUR,80.462,PERC,,BTFE,BTFE,BLOOMBERG,1,D2C,MTF,DBFTFB,1d5b3292-35f6-4689-bc11-47c325b76f88
2022-06-13 12:44:53.079000,FR0014007L00,Corporate bond,DIRECTION GENERALE DU TRESOR,0,2032-05-25,2000000,EUR,80.629,PERC,,BTFE,BTFE,BLOOMBERG,1,D2C,MTF,DBFTFB,89d55206-8466-47fe-b137-0ad407a65142
2022-06-13 12:44:42.494000,FR0014007L00,Corporate bond,DIRECTION GENERALE DU TRESOR,0,2032-05-25,2000000,EUR,80.636,PERC,,BTFE,BTFE,BLOOMBERG,1,D2C,MTF,DBFTFB,5b047729-6de9-4dc2-bc73-e8fe93069e54
2022-06-13 12:42:55.499000,FR0014007L00,Corporate bond,DIRECTION GENERALE DU TRESOR,0,2032-05-25,2000000,EUR,80.67,PERC,,BTFE,BTFE,BLOOMBERG,1,D2C,MTF,DBFTFB,31dc89fc-1911-4881-86de-4503be3a8d19
2022-06-13 12:42:49.599000,FR0014007L00,Corporate bond,DIRECTION GENERALE DU TRESOR,0,2032-05-25,2000000,EUR,80.67,PERC,,BTFE,BTFE,BLOOMBERG,1,D2C,MTF,DBFTFB,48f0ce0f-167b-439b-8910-ed57ac1ec1b3
2022-06-13 12:37:52.238000,FR0014007L00,Corporate bond,DIRECTION GENERALE DU TRESOR,0,2032-05-25,2000000,EUR,80.738,PERC,,BTFE,BTFE,BLOOMBERG,1,D2C,MTF,DBFTFB,4ade7570-ce5f-4e3c-a4de-68bab214419e
2022-06-13 12:37:50.184000,FR0014007L00,Corporate bond,DIRECTION GENERALE DU TRESOR,0,2032-05-25,2000000,EUR,80.715,PERC,,BTFE,BTFE,BLOOMBERG,1,D2C,MTF,DBFTFB,9a998038-baef-4c0e-8b9c-eaf241ee0ba2
2022-06-13 12:36:21.454000,FR0014007L00,Corporate bond,DIRECTION GENERALE DU TRESOR,0,2032-05-25,2000000,EUR,80.675,PERC,,BTFE,BTFE,BLOOMBERG,1,D2C,MTF,DBFTFB,8bb901b0-d1f6-4bb9-9105-3fc5e388ea54
2022-06-13 12:35:36.533000,FR0014007L00,Corporate bond,DIRECTION GENERALE DU TRESOR,0,2032-05-25,2000000,EUR,80.699,PERC,,BTFE,BTFE,BLOOMBERG,1,D2C,MTF,DBFTFB,fe47b612-177b-4fec-9de0-c299759b112f
2022-06-13 12:26:08.359000,FR0014007L00,Corporate bond,DIRECTION GENERALE DU TRESOR,0,2032-05-25,300000,EUR,80.558,PERC,,BTFE,BTFE,BLOOMBERG,1,D2C,MTF,DBFTFB,3673fac5-7559-4e1c-9224-141aeafee149
2022-06-13 11:13:51.979000,FR0014007L00,Corporate bond,DIRECTION GENERALE DU TRESOR,0,2032-05-25,300000,EUR,80.57,PERC,,BTFE,BTFE,BLOOMBERG,1,D2C,MTF,DBFTFB,22c641b5-22e1-48c3-a14b-3e081e2dda86
2022-06-13 10:58:18.733000,FR0014007L00,Corporate bond,DIRECTION GENERALE DU TRESOR,0,2032-05-25,36000,EUR,80.718,PERC,,BTFE,BTFE,BLOOMBERG,1,D2C,MTF,DBFTFB,ddee0abb-14a6-4ccd-80c5-3dbc2796cfa7
2022-06-13 10:29:04.771000,FR0014007L00,Corporate bond,DIRECTION GENERALE DU TRESOR,0,2032-05-25,4000,EUR,80.682,PERC,,BTFE,BTFE,BLOOMBERG,1,D2C,MTF,DBFTFB,2181114b-e559-4fed-8c2a-02fdce0b4d2d
2022-06-13 10:27:12.876000,FR0014007L00,Corporate bond,DIRECTION GENERALE DU TRESOR,0,2032-05-25,1500000,EUR,80.674,PERC,,BTFE,BTFE,BLOOMBERG,1,D2C,MTF,DBFTFB,8a2dc065-a720-491c-9de1-484c7ba86ac0
2022-06-13 10:21:56.534000,FR0014007L00,Corporate bond,DIRECTION GENERALE DU TRESOR,0,2032-05-25,7660,EUR,80.71,PERC,,BTFE,BTFE,BLOOMBERG,1,D2C,MTF,DBFTFB,123cdcda-9ed6-4d99-91e1-0ec082af044e
2022-06-13 10:21:54.316000,FR0014007L00,Corporate bond,DIRECTION GENERALE DU TRESOR,0,2032-05-25,4352,EUR,80.702,PERC,,BTFE,BTFE,BLOOMBERG,1,D2C,MTF,DBFTFB,a9789c8a-e259-4f9f-9b8d-3d3c0ae01090
2022-06-13 10:07:25.982000,FR0014007L00,Corporate bond,DIRECTION GENERALE DU TRESOR,0,2032-05-25,1000000,EUR,80.771,PERC,,BTFE,BTFE,BLOOMBERG,1,D2C,MTF,DBFTFB,d7a0c444-348e-41e5-9367-90371a5d9c88
2022-06-13 10:00:47.231000,FR0014007L00,Corporate bond,DIRECTION GENERALE DU TRESOR,0,2032-05-25,36000,EUR,80.744,PERC,,BTFE,BTFE,BLOOMBERG,1,D2C,MTF,DBFTFB,10660078-93df-4092-9d0a-502325538a70
2022-06-13 09:38:28.571000,FR0014007L00,Corporate bond,DIRECTION GENERALE DU TRESOR,0,2032-05-25,2000000,EUR,80.851,PERC,,BTFE,BTFE,BLOOMBERG,1,D2C,MTF,DBFTFB,465b970e-df3f-4950-997a-36ffb75bac0e
2022-06-13 09:36:04.470000,FR0014007L00,Corporate bond,DIRECTION GENERALE DU TRESOR,0,2032-05-25,2000000,EUR,80.885,PERC,,BTFE,BTFE,BLOOMBERG,1,D2C,MTF,DBFTFB,d73d6911-fa1f-4668-849a-56a2406db261
2022-06-13 09:30:08.363000,FR0014007L00,Corporate bond,DIRECTION GENERALE DU TRESOR,0,2032-05-25,2000000,EUR,80.795,PERC,,BTFE,BTFE,BLOOMBERG,1,D2C,MTF,DBFTFB,95134d90-f12b-4c87-8e16-babb75fc82ca
2022-06-13 09:06:31.452000,FR0014007L00,Corporate bond,DIRECTION GENERALE DU TRESOR,0,2032-05-25,1500000,EUR,80.827,PERC,,BTFE,BTFE,BLOOMBERG,1,D2C,MTF,DBFTFB,f45f8d4b-5fa0-4014-988a-5b1fd28a7973
2022-06-13 08:36:35.817000,FR0014007L00,Corporate bond,DIRECTION GENERALE DU TRESOR,0,2032-05-25,2000000,EUR,80.916,PERC,,BTFE,BTFE,BLOOMBERG,1,D2C,MTF,DBFTFB,038a41f0-7ab7-46cb-93a4-232f319ab183
2022-06-13 08:36:33.530000,FR0014007L00,Corporate bond,DIRECTION GENERALE DU TRESOR,0,2032-05-25,2000000,EUR,80.893,PERC,,BTFE,BTFE,BLOOMBERG,1,D2C,MTF,DBFTFB,7e5ef29e-c18c-480b-9968-bf917a858d31
2022-06-13 08:33:30.337000,FR0014007L00,Corporate bond,DIRECTION GENERALE DU TRESOR,0,2032-05-25,2000000,EUR,80.834,PERC,,BTFE,BTFE,BLOOMBERG,1,D2C,MTF,DBFTFB,b08bce47-a673-453f-b328-9861893e4246
2022-06-13 08:33:28.452000,FR0014007L00,Corporate bond,DIRECTION GENERALE DU TRESOR,0,2032-05-25,2000000,EUR,80.844,PERC,,BTFE,BTFE,BLOOMBERG,1,D2C,MTF,DBFTFB,68d6b1e0-1b58-45e1-95ad-090e6c3e6df4
2022-06-13 08:30:03.354000,FR0014007L00,Corporate bond,DIRECTION GENERALE DU TRESOR,0,2032-05-25,2000000,EUR,80.883,PERC,,BTFE,BTFE,BLOOMBERG,1,D2C,MTF,DBFTFB,ab9a8aaa-2c2e-4654-8a21-06bfb766f993
2022-06-13 08:30:01.610000,FR0014007L00,Corporate bond,DIRECTION GENERALE DU TRESOR,0,2032-05-25,2000000,EUR,80.874,PERC,,BTFE,BTFE,BLOOMBERG,1,D2C,MTF,DBFTFB,26878fe7-59ec-413d-87da-f6db79267c36
2022-06-13 08:29:21.341000,FR0014007L00,Corporate bond,DIRECTION GENERALE DU TRESOR,0,2032-05-25,2000000,EUR,80.882,PERC,,BTFE,BTFE,BLOOMBERG,1,D2C,MTF,DBFTFB,71c1d28e-cdbd-49dc-be4f-58fadee44f9a
2022-06-13 08:28:56.253000,FR0014007L00,Corporate bond,DIRECTION GENERALE DU TRESOR,0,2032-05-25,2000000,EUR,80.86,PERC,,BTFE,BTFE,BLOOMBERG,1,D2C,MTF,DBFTFB,86f36e07-86af-4d2f-8200-cd37c8c8b8a9
2022-06-13 08:27:27.047000,FR0014007L00,Corporate bond,DIRECTION GENERALE DU TRESOR,0,2032-05-25,2000000,EUR,80.899,PERC,,BTFE,BTFE,BLOOMBERG,1,D2C,MTF,DBFTFB,f401aa36-c59b-4e05-bafb-2e77e9ea1d83
2022-06-13 08:27:15.936000,FR0014007L00,Corporate bond,DIRECTION GENERALE DU TRESOR,0,2032-05-25,2000000,EUR,80.908,PERC,,BTFE,BTFE,BLOOMBERG,1,D2C,MTF,DBFTFB,509f15c2-5073-45df-ad14-cc410100a016
2022-06-13 08:12:20.029000,FR0014007L00,Corporate bond,DIRECTION GENERALE DU TRESOR,0,2032-05-25,200000,EUR,81.111,PERC,,BTFE,BTFE,BLOOMBERG,1,D2C,MTF,DBFTFB,434c96a4-7f5a-42f4-a8a1-19b39780ec00
2022-06-13 07:54:40.817000,FR0014007L00,Corporate bond,DIRECTION GENERALE DU TRESOR,0,2032-05-25,25000,EUR,80.955,PERC,,BTFE,BTFE,BLOOMBERG,1,D2C,MTF,DBFTFB,a52dd217-07a7-45ea-9f05-1649a4ec41b2
2022-06-10 13:42:39.674000,FR0014007L00,Corporate bond,DIRECTION GENERALE DU TRESOR,0,2032-05-25,100000,EUR,81.839,PERC,,BTFE,BTFE,BLOOMBERG,1,D2C,MTF,DBFTFB,3d8f5e9f-af4c-4077-a3fc-05e165b6d0d9
2022-06-10 13:01:00.490000,FR0014007L00,Corporate bond,DIRECTION GENERALE DU TRESOR,0,2032-05-25,2000000,EUR,82.176,PERC,,BTFE,BTFE,BLOOMBERG,1,D2C,MTF,DBFTFB,08b0c3c6-20ac-445a-9382-c6607f950cc5
2022-06-10 12:59:49.804000,FR0014007L00,Corporate bond,DIRECTION GENERALE DU TRESOR,0,2032-05-25,2000000,EUR,82.184,PERC,,BTFE,BTFE,BLOOMBERG,1,D2C,MTF,DBFTFB,c9db284b-09b3-498c-910a-4796581aabd7
2022-06-10 12:55:06.764000,FR0014007L00,Corporate bond,DIRECTION GENERALE DU TRESOR,0,2032-05-25,2000,EUR,82.254,PERC,,BTFE,BTFE,BLOOMBERG,1,D2C,MTF,DBFTFB,e31fe3f8-a554-4bb7-9961-29cb94de4404
2022-06-10 12:53:15.886000,FR0014007L00,Corporate bond,DIRECTION GENERALE DU TRESOR,0,2032-05-25,2000000,EUR,82.223,PERC,,BTFE,BTFE,BLOOMBERG,1,D2C,MTF,DBFTFB,cd7a5e8b-81b3-403d-a24a-ea86a487aee9
2022-06-10 12:52:49.201000,FR0014007L00,Corporate bond,DIRECTION GENERALE DU TRESOR,0,2032-05-25,2000000,EUR,82.246,PERC,,BTFE,BTFE,BLOOMBERG,1,D2C,MTF,DBFTFB,15f33193-30b1-4c3a-b06b-3cdca91dbe7f
2022-06-10 12:09:16.907000,FR0014007L00,Corporate bond,DIRECTION GENERALE DU TRESOR,0,2032-05-25,1000000,EUR,82.189,PERC,,BTFE,BTFE,BLOOMBERG,1,D2C,MTF,DBFTFB,1abc9f82-af76-4ae1-a05d-8860b39e2cf9
2022-06-10 11:43:16.025000,FR0014007L00,Corporate bond,DIRECTION GENERALE DU TRESOR,0,2032-05-25,1000,EUR,82.297,PERC,,BTFE,BTFE,BLOOMBERG,1,D2C,MTF,DBFTFB,353a26a9-29b5-4fc9-89f4-a7e9c09c1874
2022-06-10 10:32:57.837000,FR0014007L00,Corporate bond,DIRECTION GENERALE DU TRESOR,0,2032-05-25,1459,EUR,82.208,PERC,,BTFE,BTFE,BLOOMBERG,1,D2C,MTF,DBFTFB,cfd06f74-4635-40aa-bd12-e60d9d10d8b5
2022-06-10 10:25:38.764000,FR0014007L00,Corporate bond,DIRECTION GENERALE DU TRESOR,0,2032-05-25,3540,EUR,82.259,PERC,,BTFE,BTFE,BLOOMBERG,1,D2C,MTF,DBFTFB,9ef2e970-2450-4e28-b303-c41bec7fdc99
2022-06-10 09:59:13.363000,FR0014007L00,Corporate bond,DIRECTION GENERALE DU TRESOR,0,2032-05-25,2900000,EUR,82.288,PERC,,BTFE,BTFE,BLOOMBERG,1,D2C,MTF,DBFTFB,47af0657-8b8d-4fc6-b275-0b4a9d87e2b3
2022-06-10 07:19:11.962000,FR0014007L00,Corporate bond,DIRECTION GENERALE DU TRESOR,0,2032-05-25,661000,EUR,82.125,PERC,,BTFE,BTFE,BLOOMBERG,1,D2C,MTF,DBFTFB,a506390a-c0b6-43f0-8492-f8934d8dba2f
2022-06-09 15:05:13.107000,FR0014007L00,Corporate bond,DIRECTION GENERALE DU TRESOR,0,2032-05-25,150000,EUR,82.31,PERC,,BTFE,BTFE,BLOOMBERG,1,D2C,MTF,DBFTFB,603324ba-1661-477e-8fb4-521631a06f05
2022-06-09 14:50:39.767000,FR0014007L00,Corporate bond,DIRECTION GENERALE DU TRESOR,0,2032-05-25,300000,EUR,82.256,PERC,,BTFE,BTFE,BLOOMBERG,1,D2C,MTF,DBFTFB,d63c1965-4db5-442d-9d4c-35c245e10e31
2022-06-09 14:30:39.954000,FR0014007L00,Corporate bond,DIRECTION GENERALE DU TRESOR,0,2032-05-25,1576000,EUR,82.368,PERC,,BTFE,BTFE,BLOOMBERG,1,D2C,MTF,DBFTFB,0079613f-f8ce-4b8b-a0b4-969a5b02b1ce
2022-06-09 13:48:49.016000,FR0014007L00,Corporate bond,DIRECTION GENERALE DU TRESOR,0,2032-05-25,7000,EUR,82.49,PERC,,BTFE,BTFE,BLOOMBERG,1,D2C,MTF,DBFTFB,b62b704a-9be3-4b57-bde3-eee64a9190d0
2022-06-09 13:30:33.020000,FR0014007L00,Corporate bond,DIRECTION GENERALE DU TRESOR,0,2032-05-25,1000000,EUR,82.471,PERC,,BTFE,BTFE,BLOOMBERG,1,D2C,MTF,DBFTFB,dc131e0a-60f3-408a-9f09-8ec062a4b81e
2022-06-09 11:43:49.520000,FR0014007L00,Corporate bond,DIRECTION GENERALE DU TRESOR,0,2032-05-25,2000000,EUR,83.074,PERC,,BTFE,BTFE,BLOOMBERG,1,D2C,MTF,DBFTFB,6ae731d8-fc34-4901-b55a-b93167799ab2
2022-06-09 11:41:17.370000,FR0014007L00,Corporate bond,DIRECTION GENERALE DU TRESOR,0,2032-05-25,2000000,EUR,83.062,PERC,,BTFE,BTFE,BLOOMBERG,1,D2C,MTF,DBFTFB,be8b5fb5-5410-4e34-b45a-8d9b20b33f25
2022-06-09 11:29:07.221000,FR0014007L00,Corporate bond,DIRECTION GENERALE DU TRESOR,0,2032-05-25,2000000,EUR,83.165,PERC,,BTFE,BTFE,BLOOMBERG,1,D2C,MTF,DBFTFB,f7ccff7e-fbd1-4b82-99f3-f1cb4d52593e
2022-06-09 11:25:56.143000,FR0014007L00,Corporate bond,DIRECTION GENERALE DU TRESOR,0,2032-05-25,2000000,EUR,83.156,PERC,,BTFE,BTFE,BLOOMBERG,1,D2C,MTF,DBFTFB,e5401028-9960-4ac0-aaca-38a51f157c32
2022-06-09 10:27:06.357000,FR0014007L00,Corporate bond,DIRECTION GENERALE DU TRESOR,0,2032-05-25,88087,EUR,83.236,PERC,,BTFE,BTFE,BLOOMBERG,1,D2C,MTF,DBFTFB,100502e8-2617-468d-abed-25ff58f21000
2022-06-09 10:21:17.913000,FR0014007L00,Corporate bond,DIRECTION GENERALE DU TRESOR,0,2032-05-25,2000000,EUR,83.2,PERC,,BTFE,BTFE,BLOOMBERG,1,D2C,MTF,DBFTFB,221274f1-6b7d-4d01-a63a-3bfab9c4def7
2022-06-09 10:20:02.741000,FR0014007L00,Corporate bond,DIRECTION GENERALE DU TRESOR,0,2032-05-25,2000000,EUR,83.162,PERC,,BTFE,BTFE,BLOOMBERG,1,D2C,MTF,DBFTFB,5713418b-4c0b-4d4c-b6af-e773982ede82
2022-06-09 09:53:39.739000,FR0014007L00,Corporate bond,DIRECTION GENERALE DU TRESOR,0,2032-05-25,2000000,EUR,83.165,PERC,,BTFE,BTFE,BLOOMBERG,1,D2C,MTF,DBFTFB,62e03c6b-8b36-4286-b9e5-a9a475f65db1
2022-06-09 09:50:45.747000,FR0014007L00,Corporate bond,DIRECTION GENERALE DU TRESOR,0,2032-05-25,2000000,EUR,83.153,PERC,,BTFE,BTFE,BLOOMBERG,1,D2C,MTF,DBFTFB,b32209b5-92c0-4515-9028-867b87678f9b
2022-06-09 08:42:02.505000,FR0014007L00,Corporate bond,DIRECTION GENERALE DU TRESOR,0,2032-05-25,1000,EUR,83.103,PERC,,BTFE,BTFE,BLOOMBERG,1,D2C,MTF,DBFTFB,b96522b5-efa1-48bc-8051-0261ae4f86af
2022-06-08 15:29:02.053000,FR0014007L00,Corporate bond,DIRECTION GENERALE DU TRESOR,0,2032-05-25,250000,EUR,83.17,PERC,,BTFE,BTFE,BLOOMBERG,1,D2C,MTF,DBFTFB,b52ae8ae-2752-451d-99b5-192d81ad0f28
2022-06-08 15:15:28.813000,FR0014007L00,Corporate bond,DIRECTION GENERALE DU TRESOR,0,2032-05-25,100000,EUR,83.177,PERC,,BTFE,BTFE,BLOOMBERG,1,D2C,MTF,DBFTFB,9c86ff2b-ea12-4a59-bfa7-d35ac746d88d
2022-06-08 14:25:03.127000,FR0014007L00,Corporate bond,DIRECTION GENERALE DU TRESOR,0,2032-05-25,201000,EUR,83.17,PERC,,BTFE,BTFE,BLOOMBERG,1,D2C,MTF,DBFTFB,99f6d949-15a9-493a-8107-8dfd517c9901
2022-06-08 12:40:27.679000,FR0014007L00,Corporate bond,DIRECTION GENERALE DU TRESOR,0,2032-05-25,2000,EUR,83.128,PERC,,BTFE,BTFE,BLOOMBERG,1,D2C,MTF,DBFTFB,8b1bc1b2-07bf-4116-a373-a20fd7f2affe
2022-06-08 12:37:56.095000,FR0014007L00,Corporate bond,DIRECTION GENERALE DU TRESOR,0,2032-05-25,100000,EUR,83.102,PERC,,BTFE,BTFE,BLOOMBERG,1,D2C,MTF,DBFTFB,fe6c414c-5fac-4020-af8b-f298494720c5
2022-06-08 12:37:00.145000,FR0014007L00,Corporate bond,DIRECTION GENERALE DU TRESOR,0,2032-05-25,100000,EUR,83.094,PERC,,BTFE,BTFE,BLOOMBERG,1,D2C,MTF,DBFTFB,63e4c61e-6462-46c7-b213-f9d42625cda9
2022-06-08 12:36:37.805000,FR0014007L00,Corporate bond,DIRECTION GENERALE DU TRESOR,0,2032-05-25,100000,EUR,83.093,PERC,,BTFE,BTFE,BLOOMBERG,1,D2C,MTF,DBFTFB,af70c91e-2fec-4bb1-a3f8-7e44ff5943a4
2022-06-08 12:36:00.718000,FR0014007L00,Corporate bond,DIRECTION GENERALE DU TRESOR,0,2032-05-25,100000,EUR,83.13,PERC,,BTFE,BTFE,BLOOMBERG,1,D2C,MTF,DBFTFB,652fd719-2011-4a3d-821e-426f49b90bda
2022-06-08 12:22:10.326000,FR0014007L00,Corporate bond,DIRECTION GENERALE DU TRESOR,0,2032-05-25,600000,EUR,83.178,PERC,,BTFE,BTFE,BLOOMBERG,1,D2C,MTF,DBFTFB,d190a3c9-20cd-4518-af3c-7b9a58aa2cdf
2022-06-08 09:33:19.932000,FR0014007L00,Corporate bond,DIRECTION GENERALE DU TRESOR,0,2032-05-25,913,EUR,83.249,PERC,,BTFE,BTFE,BLOOMBERG,1,D2C,MTF,DBFTFB,436a79b6-8fb0-4f89-b82a-4f89010afbd7
2022-06-08 09:00:14.649000,FR0014007L00,Corporate bond,DIRECTION GENERALE DU TRESOR,0,2032-05-25,100000,EUR,83.39,PERC,,BTFE,BTFE,BLOOMBERG,1,D2C,MTF,DBFTFB,66ab448a-3f1c-4639-b4e4-c69a9feeb504
2022-06-08 08:52:52.964000,FR0014007L00,Corporate bond,DIRECTION GENERALE DU TRESOR,0,2032-05-25,1000,EUR,83.3633,PERC,,BTFE,BTFE,BLOOMBERG,1,D2C,MTF,DBFTFB,e89545f8-5cb2-43f3-8856-d86c34d11c92
2022-06-08 08:17:28.958000,FR0014007L00,Corporate bond,DIRECTION GENERALE DU TRESOR,0,2032-05-25,2000000,EUR,83.39,PERC,,BTFE,BTFE,BLOOMBERG,1,D2C,MTF,DBFTFB,d2742e46-589b-4b09-994a-960dc80201b0
2022-06-08 08:17:26.656000,FR0014007L00,Corporate bond,DIRECTION GENERALE DU TRESOR,0,2032-05-25,2000000,EUR,83.424,PERC,,BTFE,BTFE,BLOOMBERG,1,D2C,MTF,DBFTFB,41b50c26-7ad4-4c95-8950-cb5cbf9af41c
2022-06-07 15:37:45.205000,FR0014007L00,Corporate bond,DIRECTION GENERALE DU TRESOR,0,2032-05-25,1000000,EUR,83.684,PERC,,BTFE,BTFE,BLOOMBERG,1,D2C,MTF,DBFTFB,294b6288-3f98-4f5a-ba64-c25a168f5b85
